%YAML 1.1
%TAG !u! tag:unity3d.com,2011:
--- !u!1 &509195059594107251
GameObject:
  m_ObjectHideFlags: 0
  m_CorrespondingSourceObject: {fileID: 0}
  m_PrefabInstance: {fileID: 0}
  m_PrefabAsset: {fileID: 0}
  serializedVersion: 6
  m_Component:
  - component: {fileID: 1846774974890676923}
  - component: {fileID: 8137012939149258838}
  m_Layer: 10
  m_Name: GameObject
  m_TagString: Enemy
  m_Icon: {fileID: 0}
  m_NavMeshLayer: 0
  m_StaticEditorFlags: 0
  m_IsActive: 1
--- !u!4 &1846774974890676923
Transform:
  m_ObjectHideFlags: 0
  m_CorrespondingSourceObject: {fileID: 0}
  m_PrefabInstance: {fileID: 0}
  m_PrefabAsset: {fileID: 0}
  m_GameObject: {fileID: 509195059594107251}
  m_LocalRotation: {x: 0, y: 0, z: 0, w: 1}
  m_LocalPosition: {x: 0, y: 0.95, z: 0}
  m_LocalScale: {x: 1, y: 1, z: 1}
  m_ConstrainProportionsScale: 0
  m_Children: []
  m_Father: {fileID: 5630309897972172455}
  m_RootOrder: 4
  m_LocalEulerAnglesHint: {x: 0, y: 0, z: 0}
--- !u!65 &8137012939149258838
BoxCollider:
  m_ObjectHideFlags: 0
  m_CorrespondingSourceObject: {fileID: 0}
  m_PrefabInstance: {fileID: 0}
  m_PrefabAsset: {fileID: 0}
  m_GameObject: {fileID: 509195059594107251}
  m_Material: {fileID: 0}
  m_IsTrigger: 0
  m_Enabled: 1
  serializedVersion: 2
  m_Size: {x: 1.24, y: 1.4, z: 1.94}
  m_Center: {x: 0, y: -0.22, z: -0.14}
--- !u!1 &5630309897971738947
GameObject:
  m_ObjectHideFlags: 0
  m_CorrespondingSourceObject: {fileID: 0}
  m_PrefabInstance: {fileID: 0}
  m_PrefabAsset: {fileID: 0}
  serializedVersion: 6
  m_Component:
  - component: {fileID: 5630309897972172455}
  - component: {fileID: 5630309897972172454}
  - component: {fileID: 5630309897972172461}
  - component: {fileID: 5630309897972172450}
  - component: {fileID: 5630309897972172451}
  - component: {fileID: 5630309897972172448}
  - component: {fileID: 5630309897972172449}
  m_Layer: 0
  m_Name: Wolf
  m_TagString: Untagged
  m_Icon: {fileID: 0}
  m_NavMeshLayer: 0
  m_StaticEditorFlags: 0
  m_IsActive: 1
--- !u!4 &5630309897972172455
Transform:
  m_ObjectHideFlags: 0
  m_CorrespondingSourceObject: {fileID: 0}
  m_PrefabInstance: {fileID: 0}
  m_PrefabAsset: {fileID: 0}
  m_GameObject: {fileID: 5630309897971738947}
  m_LocalRotation: {x: 0, y: 0, z: 0, w: 1}
  m_LocalPosition: {x: 5.11763, y: -0.0000009536743, z: -4.288701}
  m_LocalScale: {x: 1, y: 1, z: 1}
  m_ConstrainProportionsScale: 0
  m_Children:
  - {fileID: 8138025984301369467}
  - {fileID: 8138025984301369465}
  - {fileID: 8138025984301369471}
  - {fileID: 2245202668346281891}
  - {fileID: 1846774974890676923}
  m_Father: {fileID: 0}
  m_RootOrder: 0
  m_LocalEulerAnglesHint: {x: 0, y: 0, z: 0}
--- !u!95 &5630309897972172454
Animator:
  serializedVersion: 4
  m_ObjectHideFlags: 0
  m_CorrespondingSourceObject: {fileID: 0}
  m_PrefabInstance: {fileID: 0}
  m_PrefabAsset: {fileID: 0}
  m_GameObject: {fileID: 5630309897971738947}
  m_Enabled: 1
  m_Avatar: {fileID: 9000000, guid: 64e3ebfde3510254e90c9cb87df1403d, type: 3}
  m_Controller: {fileID: 9100000, guid: c9341ea69eb561d4bb50ccdc64abd19e, type: 2}
  m_CullingMode: 0
  m_UpdateMode: 0
  m_ApplyRootMotion: 0
  m_LinearVelocityBlending: 0
  m_StabilizeFeet: 0
  m_WarningMessage: 
  m_HasTransformHierarchy: 1
  m_AllowConstantClipSamplingOptimization: 1
  m_KeepAnimatorControllerStateOnDisable: 0
--- !u!195 &5630309897972172461
NavMeshAgent:
  m_ObjectHideFlags: 0
  m_CorrespondingSourceObject: {fileID: 0}
  m_PrefabInstance: {fileID: 0}
  m_PrefabAsset: {fileID: 0}
  m_GameObject: {fileID: 5630309897971738947}
  m_Enabled: 1
  m_AgentTypeID: 0
  m_Radius: 0.72
  m_Speed: 2.5
  m_Acceleration: 8
  avoidancePriority: 50
  m_AngularSpeed: 120
  m_StoppingDistance: 0
  m_AutoTraverseOffMeshLink: 1
  m_AutoBraking: 1
  m_AutoRepath: 1
  m_Height: 1.89
  m_BaseOffset: 0
  m_WalkableMask: 4294967295
  m_ObstacleAvoidanceType: 4
--- !u!114 &5630309897972172450
MonoBehaviour:
  m_ObjectHideFlags: 0
  m_CorrespondingSourceObject: {fileID: 0}
  m_PrefabInstance: {fileID: 0}
  m_PrefabAsset: {fileID: 0}
  m_GameObject: {fileID: 5630309897971738947}
  m_Enabled: 1
  m_EditorHideFlags: 0
  m_Script: {fileID: 11500000, guid: f32cb44a2eaa1cb4380172c25b312954, type: 3}
  m_Name: 
  m_EditorClassIdentifier: 
  destination: {fileID: 0}
  enemyState: 0
--- !u!114 &5630309897972172451
MonoBehaviour:
  m_ObjectHideFlags: 0
  m_CorrespondingSourceObject: {fileID: 0}
  m_PrefabInstance: {fileID: 0}
  m_PrefabAsset: {fileID: 0}
  m_GameObject: {fileID: 5630309897971738947}
  m_Enabled: 1
  m_EditorHideFlags: 0
  m_Script: {fileID: 11500000, guid: 6af193e695604fb4daee6317f5237bf2, type: 3}
  m_Name: 
  m_EditorClassIdentifier: 
  health: 20
  healthBar: {fileID: 2245202667949195691}
--- !u!114 &5630309897972172448
MonoBehaviour:
  m_ObjectHideFlags: 0
  m_CorrespondingSourceObject: {fileID: 0}
  m_PrefabInstance: {fileID: 0}
  m_PrefabAsset: {fileID: 0}
  m_GameObject: {fileID: 5630309897971738947}
  m_Enabled: 1
  m_EditorHideFlags: 0
  m_Script: {fileID: 11500000, guid: 888380afc233049ce9e618f9f36c8ba8, type: 3}
  m_Name: 
  m_EditorClassIdentifier: 
  profile: {fileID: 0}
  profileSync: 0
  previewInEditor: 1
  camerasLayerMask:
    serializedVersion: 2
    m_Bits: 4294967295
  effectGroup: 0
  effectGroupLayer:
    serializedVersion: 2
    m_Bits: 4294967295
  effectNameFilter: 
  combineMeshes: 0
  alphaCutOff: 0
  cullBackFaces: 1
  ignoreObjectVisibility: 0
  reflectionProbes: 0
  GPUInstancing: 1
  depthClip: 0
  cameraDistanceFade: 0
  cameraDistanceFadeNear: 0
  cameraDistanceFadeFar: 1000
  normalsOption: 0
  ignore: 0
  _highlighted: 1
  fadeInDuration: 0
  fadeOutDuration: 0
  flipY: 0
  constantWidth: 1
  subMeshMask: -1
  overlay: 0
  overlayMode: 0
  overlayColor: {r: 1, g: 0.92156863, b: 0.015686275, a: 1}
  overlayAnimationSpeed: 1
  overlayMinIntensity: 0.5
  overlayBlending: 1
  overlayTexture: {fileID: 0}
  overlayTextureUVSpace: 0
  overlayTextureScale: 1
  outline: 0
  outlineColor: {r: 0, g: 0, b: 0, a: 1}
  outlineColorStyle: 0
  outlineGradient:
    serializedVersion: 2
    key0: {r: 1, g: 1, b: 1, a: 1}
    key1: {r: 1, g: 1, b: 1, a: 1}
    key2: {r: 0, g: 0, b: 0, a: 0}
    key3: {r: 0, g: 0, b: 0, a: 0}
    key4: {r: 0, g: 0, b: 0, a: 0}
    key5: {r: 0, g: 0, b: 0, a: 0}
    key6: {r: 0, g: 0, b: 0, a: 0}
    key7: {r: 0, g: 0, b: 0, a: 0}
    ctime0: 0
    ctime1: 65535
    ctime2: 0
    ctime3: 0
    ctime4: 0
    ctime5: 0
    ctime6: 0
    ctime7: 0
    atime0: 0
    atime1: 65535
    atime2: 0
    atime3: 0
    atime4: 0
    atime5: 0
    atime6: 0
    atime7: 0
    m_Mode: 0
    m_NumColorKeys: 2
    m_NumAlphaKeys: 2
  outlineGradientInLocalSpace: 0
  outlineWidth: 2.36
  outlineQuality: 3
  outlineDownsampling: 2
  outlineVisibility: 0
  glowBlendMode: 0
  outlineBlitDebug: 0
  outlineIndependent: 0
  glow: 0.64
  glowWidth: 0.63
  glowQuality: 2
  glowDownsampling: 2
  glowHQColor: {r: 0.9339623, g: 0.4079926, b: 0.3912068, a: 1}
  glowDithering: 1
  glowMagicNumber1: 0.75
  glowMagicNumber2: 0.5
  glowAnimationSpeed: 1
  glowVisibility: 0
  glowBlitDebug: 0
  glowBlendPasses: 1
  glowPasses:
  - offset: 4
    alpha: 0.1
    color: {r: 0.64, g: 1, b: 0, a: 1}
  - offset: 3
    alpha: 0.2
    color: {r: 0.64, g: 1, b: 0, a: 1}
  - offset: 2
    alpha: 0.3
    color: {r: 0.64, g: 1, b: 0, a: 1}
  - offset: 1
    alpha: 0.4
    color: {r: 0.64, g: 1, b: 0, a: 1}
  glowIgnoreMask: 0
  innerGlow: 0
  innerGlowWidth: 1
  innerGlowColor: {r: 1, g: 1, b: 1, a: 1}
  innerGlowVisibility: 0
  targetFX: 0
  targetFXTexture: {fileID: 0}
  targetFXColor: {r: 1, g: 1, b: 1, a: 1}
  targetFXCenter: {fileID: 0}
  targetFXRotationSpeed: 50
  targetFXInitialScale: 4
  targetFXEndScale: 1.5
  targetFXScaleToRenderBounds: 1
  targetFXAlignToGround: 0
  targetFXFadePower: 32
  targetFXGroundMaxDistance: 10
  targetFXGroundLayerMask:
    serializedVersion: 2
    m_Bits: 4294967295
  targetFXTransitionDuration: 0.5
  targetFXStayDuration: 1.5
  targetFXVisibility: 1
  seeThrough: 2
  seeThroughOccluderMask:
    serializedVersion: 2
    m_Bits: 4294967295
  seeThroughOccluderThreshold: 0.3
  seeThroughOccluderMaskAccurate: 0
  seeThroughOccluderCheckInterval: 1
  seeThroughOccluderCheckIndividualObjects: 0
  seeThroughDepthOffset: 0
  seeThroughMaxDepth: 0
  seeThroughIntensity: 0.8
  seeThroughTintAlpha: 0.5
  seeThroughTintColor: {r: 1, g: 0, b: 0, a: 1}
  seeThroughNoise: 1
  seeThroughBorder: 0
  seeThroughBorderColor: {r: 0, g: 0, b: 0, a: 1}
  seeThroughBorderOnly: 0
  seeThroughBorderWidth: 0.45
  seeThroughOrdered: 0
  seeThroughTexture: {fileID: 0}
  seeThroughTextureUVSpace: 0
  seeThroughTextureScale: 1
  rmsCount: 1
  hitFxInitialIntensity: 0
  hitFxMode: 0
  hitFxFadeOutDuration: 0.25
  hitFxColor: {r: 1, g: 1, b: 1, a: 1}
  hitFxRadius: 0.5
--- !u!135 &5630309897972172449
SphereCollider:
  m_ObjectHideFlags: 0
  m_CorrespondingSourceObject: {fileID: 0}
  m_PrefabInstance: {fileID: 0}
  m_PrefabAsset: {fileID: 0}
  m_GameObject: {fileID: 5630309897971738947}
  m_Material: {fileID: 0}
  m_IsTrigger: 1
  m_Enabled: 1
  serializedVersion: 2
  m_Radius: 2
  m_Center: {x: 0, y: 1.25, z: 0}
--- !u!1 &8138025984301011969
GameObject:
  m_ObjectHideFlags: 0
  m_CorrespondingSourceObject: {fileID: 0}
  m_PrefabInstance: {fileID: 0}
  m_PrefabAsset: {fileID: 0}
  serializedVersion: 6
  m_Component:
  - component: {fileID: 8138025984301369383}
  m_Layer: 0
  m_Name: Bone03
  m_TagString: Untagged
  m_Icon: {fileID: 0}
  m_NavMeshLayer: 0
  m_StaticEditorFlags: 0
  m_IsActive: 1
--- !u!4 &8138025984301369383
Transform:
  m_ObjectHideFlags: 0
  m_CorrespondingSourceObject: {fileID: 0}
  m_PrefabInstance: {fileID: 0}
  m_PrefabAsset: {fileID: 0}
  m_GameObject: {fileID: 8138025984301011969}
  m_LocalRotation: {x: 0.00000007004502, y: 0.0000000019321427, z: 0.02757391, w: 0.9996198}
  m_LocalPosition: {x: -0.20832703, y: -0.0000009155273, z: 0.000000021562409}
  m_LocalScale: {x: 0.99999994, y: 1, z: 1}
  m_ConstrainProportionsScale: 0
  m_Children:
  - {fileID: 8138025984301369381}
  m_Father: {fileID: 8138025984301369355}
  m_RootOrder: 0
  m_LocalEulerAnglesHint: {x: 0.38603348, y: 1.9166214, z: -3.307084}
--- !u!1 &8138025984301011971
GameObject:
  m_ObjectHideFlags: 0
  m_CorrespondingSourceObject: {fileID: 0}
  m_PrefabInstance: {fileID: 0}
  m_PrefabAsset: {fileID: 0}
  serializedVersion: 6
  m_Component:
  - component: {fileID: 8138025984301369355}
  m_Layer: 0
  m_Name: Bone02
  m_TagString: Untagged
  m_Icon: {fileID: 0}
  m_NavMeshLayer: 0
  m_StaticEditorFlags: 0
  m_IsActive: 1
--- !u!4 &8138025984301369355
Transform:
  m_ObjectHideFlags: 0
  m_CorrespondingSourceObject: {fileID: 0}
  m_PrefabInstance: {fileID: 0}
  m_PrefabAsset: {fileID: 0}
  m_GameObject: {fileID: 8138025984301011971}
  m_LocalRotation: {x: 0.57223284, y: 0.8200912, z: 0.0000005136883, w: -0.00000072634583}
  m_LocalPosition: {x: -0.3315892, y: -0.10621528, z: 0.0000003051757}
  m_LocalScale: {x: 1, y: 1.0000001, z: 1}
  m_ConstrainProportionsScale: 0
  m_Children:
  - {fileID: 8138025984301369383}
  m_Father: {fileID: 8138025984301369347}
  m_RootOrder: 3
  m_LocalEulerAnglesHint: {x: 1.7365596, y: -60.47785, z: 43.71909}
--- !u!1 &8138025984301011973
GameObject:
  m_ObjectHideFlags: 0
  m_CorrespondingSourceObject: {fileID: 0}
  m_PrefabInstance: {fileID: 0}
  m_PrefabAsset: {fileID: 0}
  serializedVersion: 6
  m_Component:
  - component: {fileID: 8138025984301369449}
  m_Layer: 0
  m_Name: Bip01 Tail
  m_TagString: Untagged
  m_Icon: {fileID: 0}
  m_NavMeshLayer: 0
  m_StaticEditorFlags: 0
  m_IsActive: 1
--- !u!4 &8138025984301369449
Transform:
  m_ObjectHideFlags: 0
  m_CorrespondingSourceObject: {fileID: 0}
  m_PrefabInstance: {fileID: 0}
  m_PrefabAsset: {fileID: 0}
  m_GameObject: {fileID: 8138025984301011973}
  m_LocalRotation: {x: 3.0262312e-14, y: -0.0000027719486, z: 0.9994045, w: -0.034506194}
  m_LocalPosition: {x: 0.43871692, y: -0.06483322, z: 0.000000106405565}
  m_LocalScale: {x: 1, y: 0.99999994, z: 1}
  m_ConstrainProportionsScale: 0
  m_Children:
  - {fileID: 8138025984301369387}
  m_Father: {fileID: 8138025984301369441}
  m_RootOrder: 3
  m_LocalEulerAnglesHint: {x: -3.3681915, y: 2.4993703, z: -170.27402}
--- !u!1 &8138025984301011975
GameObject:
  m_ObjectHideFlags: 0
  m_CorrespondingSourceObject: {fileID: 0}
  m_PrefabInstance: {fileID: 0}
  m_PrefabAsset: {fileID: 0}
  serializedVersion: 6
  m_Component:
  - component: {fileID: 8138025984301369381}
  m_Layer: 0
  m_Name: Bone04
  m_TagString: Untagged
  m_Icon: {fileID: 0}
  m_NavMeshLayer: 0
  m_StaticEditorFlags: 0
  m_IsActive: 1
--- !u!4 &8138025984301369381
Transform:
  m_ObjectHideFlags: 0
  m_CorrespondingSourceObject: {fileID: 0}
  m_PrefabInstance: {fileID: 0}
  m_PrefabAsset: {fileID: 0}
  m_GameObject: {fileID: 8138025984301011975}
  m_LocalRotation: {x: 0.000000015651727, y: 0.000000002665828, z: 0.16790356, w: 0.9858034}
  m_LocalPosition: {x: -0.20928645, y: 0, z: 0.000000020075213}
  m_LocalScale: {x: 1.0000001, y: 1.0000001, z: 1}
  m_ConstrainProportionsScale: 0
  m_Children: []
  m_Father: {fileID: 8138025984301369383}
  m_RootOrder: 0
  m_LocalEulerAnglesHint: {x: -0.000029293815, y: 0.000000014629756, z: -20.936556}
--- !u!1 &8138025984301011977
GameObject:
  m_ObjectHideFlags: 0
  m_CorrespondingSourceObject: {fileID: 0}
  m_PrefabInstance: {fileID: 0}
  m_PrefabAsset: {fileID: 0}
  serializedVersion: 6
  m_Component:
  - component: {fileID: 8138025984301369385}
  m_Layer: 0
  m_Name: Bip01 Tail2
  m_TagString: Untagged
  m_Icon: {fileID: 0}
  m_NavMeshLayer: 0
  m_StaticEditorFlags: 0
  m_IsActive: 1
--- !u!4 &8138025984301369385
Transform:
  m_ObjectHideFlags: 0
  m_CorrespondingSourceObject: {fileID: 0}
  m_PrefabInstance: {fileID: 0}
  m_PrefabAsset: {fileID: 0}
  m_GameObject: {fileID: 8138025984301011977}
  m_LocalRotation: {x: 3.2488674e-13, y: 0.000000111968, z: -0.040369198, w: 0.99918485}
  m_LocalPosition: {x: -0.30525902, y: -0.000262146, z: -7.2701367e-10}
  m_LocalScale: {x: 1, y: 1, z: 1}
  m_ConstrainProportionsScale: 0
  m_Children:
  - {fileID: 8138025984301369391}
  m_Father: {fileID: 8138025984301369387}
  m_RootOrder: 0
  m_LocalEulerAnglesHint: {x: 0.21535423, y: 1.6026213, z: 8.99025}
--- !u!1 &8138025984301011979
GameObject:
  m_ObjectHideFlags: 0
  m_CorrespondingSourceObject: {fileID: 0}
  m_PrefabInstance: {fileID: 0}
  m_PrefabAsset: {fileID: 0}
  serializedVersion: 6
  m_Component:
  - component: {fileID: 8138025984301369387}
  m_Layer: 0
  m_Name: Bip01 Tail1
  m_TagString: Untagged
  m_Icon: {fileID: 0}
  m_NavMeshLayer: 0
  m_StaticEditorFlags: 0
  m_IsActive: 1
--- !u!4 &8138025984301369387
Transform:
  m_ObjectHideFlags: 0
  m_CorrespondingSourceObject: {fileID: 0}
  m_PrefabInstance: {fileID: 0}
  m_PrefabAsset: {fileID: 0}
  m_GameObject: {fileID: 8138025984301011979}
  m_LocalRotation: {x: -2.2142564e-14, y: 0.000000082022225, z: -0.02957248, w: 0.9995627}
  m_LocalPosition: {x: -0.30525237, y: -0.00024261474, z: -6.7288053e-10}
  m_LocalScale: {x: 1, y: 1, z: 1}
  m_ConstrainProportionsScale: 0
  m_Children:
  - {fileID: 8138025984301369385}
  m_Father: {fileID: 8138025984301369449}
  m_RootOrder: 0
  m_LocalEulerAnglesHint: {x: -4.702507, y: 1.0202547, z: -13.85812}
--- !u!1 &8138025984301011981
GameObject:
  m_ObjectHideFlags: 0
  m_CorrespondingSourceObject: {fileID: 0}
  m_PrefabInstance: {fileID: 0}
  m_PrefabAsset: {fileID: 0}
  serializedVersion: 6
  m_Component:
  - component: {fileID: 8138025984301369389}
  m_Layer: 0
  m_Name: Bip01 TailNub
  m_TagString: Untagged
  m_Icon: {fileID: 0}
  m_NavMeshLayer: 0
  m_StaticEditorFlags: 0
  m_IsActive: 1
--- !u!4 &8138025984301369389
Transform:
  m_ObjectHideFlags: 0
  m_CorrespondingSourceObject: {fileID: 0}
  m_PrefabInstance: {fileID: 0}
  m_PrefabAsset: {fileID: 0}
  m_GameObject: {fileID: 8138025984301011981}
  m_LocalRotation: {x: 0.7073883, y: -0.70682526, z: -0.0000009802252, w: -0.0000009810061}
  m_LocalPosition: {x: -0.30523804, y: 0, z: -2.910383e-13}
  m_LocalScale: {x: 1.0000001, y: 1.0000001, z: 1}
  m_ConstrainProportionsScale: 0
  m_Children: []
  m_Father: {fileID: 8138025984301369391}
  m_RootOrder: 0
  m_LocalEulerAnglesHint: {x: 0, y: 0, z: 0}
--- !u!1 &8138025984301011983
GameObject:
  m_ObjectHideFlags: 0
  m_CorrespondingSourceObject: {fileID: 0}
  m_PrefabInstance: {fileID: 0}
  m_PrefabAsset: {fileID: 0}
  serializedVersion: 6
  m_Component:
  - component: {fileID: 8138025984301369391}
  m_Layer: 0
  m_Name: Bip01 Tail3
  m_TagString: Untagged
  m_Icon: {fileID: 0}
  m_NavMeshLayer: 0
  m_StaticEditorFlags: 0
  m_IsActive: 1
--- !u!4 &8138025984301369391
Transform:
  m_ObjectHideFlags: 0
  m_CorrespondingSourceObject: {fileID: 0}
  m_PrefabInstance: {fileID: 0}
  m_PrefabAsset: {fileID: 0}
  m_GameObject: {fileID: 8138025984301011983}
  m_LocalRotation: {x: 1.7566348e-13, y: 0.000000015455424, z: -0.005572342, w: 0.9999845}
  m_LocalPosition: {x: -0.33029145, y: -0.0002430725, z: -6.7433575e-10}
  m_LocalScale: {x: 1, y: 1, z: 1}
  m_ConstrainProportionsScale: 0
  m_Children:
  - {fileID: 8138025984301369389}
  m_Father: {fileID: 8138025984301369385}
  m_RootOrder: 0
  m_LocalEulerAnglesHint: {x: -4.6887918, y: -5.704258, z: 15.466182}
--- !u!1 &8138025984301011985
GameObject:
  m_ObjectHideFlags: 0
  m_CorrespondingSourceObject: {fileID: 0}
  m_PrefabInstance: {fileID: 0}
  m_PrefabAsset: {fileID: 0}
  serializedVersion: 6
  m_Component:
  - component: {fileID: 8138025984301369403}
  m_Layer: 0
  m_Name: Bone01
  m_TagString: Untagged
  m_Icon: {fileID: 0}
  m_NavMeshLayer: 0
  m_StaticEditorFlags: 0
  m_IsActive: 1
--- !u!4 &8138025984301369403
Transform:
  m_ObjectHideFlags: 0
  m_CorrespondingSourceObject: {fileID: 0}
  m_PrefabInstance: {fileID: 0}
  m_PrefabAsset: {fileID: 0}
  m_GameObject: {fileID: 8138025984301011985}
  m_LocalRotation: {x: 0.99917156, y: -0.040696338, z: 0.0000004678144, w: -0.0000010984667}
  m_LocalPosition: {x: -0.08140335, y: 0.06410599, z: 0.0000007629391}
  m_LocalScale: {x: 0.9999998, y: 1, z: 0.99999994}
  m_ConstrainProportionsScale: 0
  m_Children: []
  m_Father: {fileID: 8138025984301369399}
  m_RootOrder: 1
  m_LocalEulerAnglesHint: {x: -0.00012355472, y: 179.99988, z: -159.7296}
--- !u!1 &8138025984301011987
GameObject:
  m_ObjectHideFlags: 0
  m_CorrespondingSourceObject: {fileID: 0}
  m_PrefabInstance: {fileID: 0}
  m_PrefabAsset: {fileID: 0}
  serializedVersion: 6
  m_Component:
  - component: {fileID: 8138025984301369397}
  m_Layer: 0
  m_Name: Bip01 HeadNub
  m_TagString: Untagged
  m_Icon: {fileID: 0}
  m_NavMeshLayer: 0
  m_StaticEditorFlags: 0
  m_IsActive: 1
--- !u!4 &8138025984301369397
Transform:
  m_ObjectHideFlags: 0
  m_CorrespondingSourceObject: {fileID: 0}
  m_PrefabInstance: {fileID: 0}
  m_PrefabAsset: {fileID: 0}
  m_GameObject: {fileID: 8138025984301011987}
  m_LocalRotation: {x: 2.842171e-14, y: 2.842171e-14, z: 0.000000014901161, w: 1}
  m_LocalPosition: {x: -0.33732694, y: 0, z: -2.910383e-13}
  m_LocalScale: {x: 1, y: 1, z: 1}
  m_ConstrainProportionsScale: 0
  m_Children: []
  m_Father: {fileID: 8138025984301369399}
  m_RootOrder: 0
  m_LocalEulerAnglesHint: {x: 0, y: 0, z: 0}
--- !u!1 &8138025984301011989
GameObject:
  m_ObjectHideFlags: 0
  m_CorrespondingSourceObject: {fileID: 0}
  m_PrefabInstance: {fileID: 0}
  m_PrefabAsset: {fileID: 0}
  serializedVersion: 6
  m_Component:
  - component: {fileID: 8138025984301369401}
  m_Layer: 0
  m_Name: Bip01 R UpperArm
  m_TagString: Untagged
  m_Icon: {fileID: 0}
  m_NavMeshLayer: 0
  m_StaticEditorFlags: 0
  m_IsActive: 1
--- !u!4 &8138025984301369401
Transform:
  m_ObjectHideFlags: 0
  m_CorrespondingSourceObject: {fileID: 0}
  m_PrefabInstance: {fileID: 0}
  m_PrefabAsset: {fileID: 0}
  m_GameObject: {fileID: 8138025984301011989}
  m_LocalRotation: {x: 0.67570406, y: 0.25968355, z: -0.19868524, w: 0.660691}
  m_LocalPosition: {x: -0.25791672, y: 0.000000038146972, z: 0}
  m_LocalScale: {x: 0.99999994, y: 1, z: 1}
  m_ConstrainProportionsScale: 0
  m_Children:
  - {fileID: 8138025984301369407}
  m_Father: {fileID: 8138025984301369349}
  m_RootOrder: 0
  m_LocalEulerAnglesHint: {x: 87.306564, y: 132.18773, z: 73.44343}
--- !u!1 &8138025984301011991
GameObject:
  m_ObjectHideFlags: 0
  m_CorrespondingSourceObject: {fileID: 0}
  m_PrefabInstance: {fileID: 0}
  m_PrefabAsset: {fileID: 0}
  serializedVersion: 6
  m_Component:
  - component: {fileID: 8138025984301369349}
  m_Layer: 0
  m_Name: Bip01 R Clavicle
  m_TagString: Untagged
  m_Icon: {fileID: 0}
  m_NavMeshLayer: 0
  m_StaticEditorFlags: 0
  m_IsActive: 1
--- !u!4 &8138025984301369349
Transform:
  m_ObjectHideFlags: 0
  m_CorrespondingSourceObject: {fileID: 0}
  m_PrefabInstance: {fileID: 0}
  m_PrefabAsset: {fileID: 0}
  m_GameObject: {fileID: 8138025984301011991}
  m_LocalRotation: {x: 0.45101947, y: -0.54391944, z: 0.5765222, w: -0.41031122}
  m_LocalPosition: {x: 0.21562102, y: -0.12628739, z: -0.1561174}
  m_LocalScale: {x: 1.0000001, y: 1, z: 1.0000001}
  m_ConstrainProportionsScale: 0
  m_Children:
  - {fileID: 8138025984301369401}
  m_Father: {fileID: 8138025984301369347}
  m_RootOrder: 2
  m_LocalEulerAnglesHint: {x: -24.603718, y: 91.17459, z: -94.58029}
--- !u!1 &8138025984301011993
GameObject:
  m_ObjectHideFlags: 0
  m_CorrespondingSourceObject: {fileID: 0}
  m_PrefabInstance: {fileID: 0}
  m_PrefabAsset: {fileID: 0}
  serializedVersion: 6
  m_Component:
  - component: {fileID: 8138025984301369405}
  m_Layer: 0
  m_Name: Bip01 R Hand
  m_TagString: Untagged
  m_Icon: {fileID: 0}
  m_NavMeshLayer: 0
  m_StaticEditorFlags: 0
  m_IsActive: 1
--- !u!4 &8138025984301369405
Transform:
  m_ObjectHideFlags: 0
  m_CorrespondingSourceObject: {fileID: 0}
  m_PrefabInstance: {fileID: 0}
  m_PrefabAsset: {fileID: 0}
  m_GameObject: {fileID: 8138025984301011993}
  m_LocalRotation: {x: 0.6709573, y: 0.22230196, z: 0.22247905, w: 0.6714918}
  m_LocalPosition: {x: -0.2963522, y: 0.000000019073486, z: 0}
  m_LocalScale: {x: 1, y: 1, z: 1.0000001}
  m_ConstrainProportionsScale: 0
  m_Children:
  - {fileID: 8138025984301369379}
  m_Father: {fileID: 8138025984301369407}
  m_RootOrder: 0
  m_LocalEulerAnglesHint: {x: 71.93992, y: -67.38978, z: -69.06914}
--- !u!1 &8138025984301011995
GameObject:
  m_ObjectHideFlags: 0
  m_CorrespondingSourceObject: {fileID: 0}
  m_PrefabInstance: {fileID: 0}
  m_PrefabAsset: {fileID: 0}
  serializedVersion: 6
  m_Component:
  - component: {fileID: 8138025984301369407}
  m_Layer: 0
  m_Name: Bip01 R Forearm
  m_TagString: Untagged
  m_Icon: {fileID: 0}
  m_NavMeshLayer: 0
  m_StaticEditorFlags: 0
  m_IsActive: 1
--- !u!4 &8138025984301369407
Transform:
  m_ObjectHideFlags: 0
  m_CorrespondingSourceObject: {fileID: 0}
  m_PrefabInstance: {fileID: 0}
  m_PrefabAsset: {fileID: 0}
  m_GameObject: {fileID: 8138025984301011995}
  m_LocalRotation: {x: 0.0000000047693134, y: 1.8827116e-10, z: 0.039444804, w: 0.99922174}
  m_LocalPosition: {x: -0.44046417, y: 0, z: -0.000000009536743}
  m_LocalScale: {x: 1.0000001, y: 1, z: 1}
  m_ConstrainProportionsScale: 0
  m_Children:
  - {fileID: 8138025984301369405}
  m_Father: {fileID: 8138025984301369401}
  m_RootOrder: 0
  m_LocalEulerAnglesHint: {x: 0.0000002112222, y: 0.00000007440988, z: 85.907265}
--- !u!1 &8138025984301011997
GameObject:
  m_ObjectHideFlags: 0
  m_CorrespondingSourceObject: {fileID: 0}
  m_PrefabInstance: {fileID: 0}
  m_PrefabAsset: {fileID: 0}
  serializedVersion: 6
  m_Component:
  - component: {fileID: 8138025984301369377}
  m_Layer: 0
  m_Name: Bip01 R Finger0Nub
  m_TagString: Untagged
  m_Icon: {fileID: 0}
  m_NavMeshLayer: 0
  m_StaticEditorFlags: 0
  m_IsActive: 1
--- !u!4 &8138025984301369377
Transform:
  m_ObjectHideFlags: 0
  m_CorrespondingSourceObject: {fileID: 0}
  m_PrefabInstance: {fileID: 0}
  m_PrefabAsset: {fileID: 0}
  m_GameObject: {fileID: 8138025984301011997}
  m_LocalRotation: {x: -1.4551915e-11, y: -7.246079e-22, z: 1, w: -4.9794675e-11}
  m_LocalPosition: {x: -0.11851137, y: 0, z: 0}
  m_LocalScale: {x: -1, y: -1.0000001, z: -1}
  m_ConstrainProportionsScale: 0
  m_Children: []
  m_Father: {fileID: 8138025984301369379}
  m_RootOrder: 0
  m_LocalEulerAnglesHint: {x: 0, y: 0, z: 0}
--- !u!1 &8138025984301011999
GameObject:
  m_ObjectHideFlags: 0
  m_CorrespondingSourceObject: {fileID: 0}
  m_PrefabInstance: {fileID: 0}
  m_PrefabAsset: {fileID: 0}
  serializedVersion: 6
  m_Component:
  - component: {fileID: 8138025984301369379}
  m_Layer: 0
  m_Name: Bip01 R Finger0
  m_TagString: Untagged
  m_Icon: {fileID: 0}
  m_NavMeshLayer: 0
  m_StaticEditorFlags: 0
  m_IsActive: 1
--- !u!4 &8138025984301369379
Transform:
  m_ObjectHideFlags: 0
  m_CorrespondingSourceObject: {fileID: 0}
  m_PrefabInstance: {fileID: 0}
  m_PrefabAsset: {fileID: 0}
  m_GameObject: {fileID: 8138025984301011999}
  m_LocalRotation: {x: -0.018952291, y: 0.5106336, z: -0.013375292, w: 0.85948545}
  m_LocalPosition: {x: -0.15034229, y: -0.000071935654, z: -0.002229843}
  m_LocalScale: {x: 1, y: 0.9999999, z: 0.9999999}
  m_ConstrainProportionsScale: 0
  m_Children:
  - {fileID: 8138025984301369377}
  m_Father: {fileID: 8138025984301369405}
  m_RootOrder: 0
  m_LocalEulerAnglesHint: {x: 4.9886827, y: 53.981647, z: 8.903945}
--- !u!1 &8138025984301012033
GameObject:
  m_ObjectHideFlags: 0
  m_CorrespondingSourceObject: {fileID: 0}
  m_PrefabInstance: {fileID: 0}
  m_PrefabAsset: {fileID: 0}
  serializedVersion: 6
  m_Component:
  - component: {fileID: 8138025984301369441}
  m_Layer: 0
  m_Name: Bip01 Spine
  m_TagString: Untagged
  m_Icon: {fileID: 0}
  m_NavMeshLayer: 0
  m_StaticEditorFlags: 0
  m_IsActive: 1
--- !u!4 &8138025984301369441
Transform:
  m_ObjectHideFlags: 0
  m_CorrespondingSourceObject: {fileID: 0}
  m_PrefabInstance: {fileID: 0}
  m_PrefabAsset: {fileID: 0}
  m_GameObject: {fileID: 8138025984301012033}
  m_LocalRotation: {x: -0.0000020216555, y: 0.00000063884505, z: 0.07580049, w: 0.997123}
  m_LocalPosition: {x: -0.19991724, y: -0.017923813, z: 0.00000031711025}
  m_LocalScale: {x: 0.99999994, y: 1, z: 1}
  m_ConstrainProportionsScale: 0
  m_Children:
  - {fileID: 8138025984301369447}
  - {fileID: 8138025984301369445}
  - {fileID: 8138025984301369451}
  - {fileID: 8138025984301369449}
  m_Father: {fileID: 8138025984301369443}
  m_RootOrder: 0
  m_LocalEulerAnglesHint: {x: 0.2038374, y: -0.006700352, z: 15.748737}
--- !u!1 &8138025984301012035
GameObject:
  m_ObjectHideFlags: 0
  m_CorrespondingSourceObject: {fileID: 0}
  m_PrefabInstance: {fileID: 0}
  m_PrefabAsset: {fileID: 0}
  serializedVersion: 6
  m_Component:
  - component: {fileID: 8138025984301369443}
  m_Layer: 0
  m_Name: Bip01 Pelvis
  m_TagString: Untagged
  m_Icon: {fileID: 0}
  m_NavMeshLayer: 0
  m_StaticEditorFlags: 0
  m_IsActive: 1
--- !u!4 &8138025984301369443
Transform:
  m_ObjectHideFlags: 0
  m_CorrespondingSourceObject: {fileID: 0}
  m_PrefabInstance: {fileID: 0}
  m_PrefabAsset: {fileID: 0}
  m_GameObject: {fileID: 8138025984301012035}
  m_LocalRotation: {x: -0.49999964, y: 0.50000036, z: 0.49999964, w: 0.50000036}
  m_LocalPosition: {x: -0, y: 0, z: 0}
  m_LocalScale: {x: 1, y: 1, z: 1}
  m_ConstrainProportionsScale: 0
  m_Children:
  - {fileID: 8138025984301369441}
  m_Father: {fileID: 8138025984301369467}
  m_RootOrder: 1
  m_LocalEulerAnglesHint: {x: -88.75148, y: -57.114162, z: 137.45514}
--- !u!1 &8138025984301012037
GameObject:
  m_ObjectHideFlags: 0
  m_CorrespondingSourceObject: {fileID: 0}
  m_PrefabInstance: {fileID: 0}
  m_PrefabAsset: {fileID: 0}
  serializedVersion: 6
  m_Component:
  - component: {fileID: 8138025984301369455}
  m_Layer: 0
  m_Name: Bip01 L Calf
  m_TagString: Untagged
  m_Icon: {fileID: 0}
  m_NavMeshLayer: 0
  m_StaticEditorFlags: 0
  m_IsActive: 1
--- !u!4 &8138025984301369455
Transform:
  m_ObjectHideFlags: 0
  m_CorrespondingSourceObject: {fileID: 0}
  m_PrefabInstance: {fileID: 0}
  m_PrefabAsset: {fileID: 0}
  m_GameObject: {fileID: 8138025984301012037}
  m_LocalRotation: {x: -0.000000003071497, y: -0.0000000077430515, z: 0.6665041, w: 0.7455014}
  m_LocalPosition: {x: -0.32777756, y: 0.000000057220458, z: 0}
  m_LocalScale: {x: 1, y: 1, z: 1}
  m_ConstrainProportionsScale: 0
  m_Children:
  - {fileID: 8138025984301369453}
  m_Father: {fileID: 8138025984301369447}
  m_RootOrder: 0
  m_LocalEulerAnglesHint: {x: -0.00000070896124, y: -0.000001241241, z: 82.27399}
--- !u!1 &8138025984301012039
GameObject:
  m_ObjectHideFlags: 0
  m_CorrespondingSourceObject: {fileID: 0}
  m_PrefabInstance: {fileID: 0}
  m_PrefabAsset: {fileID: 0}
  serializedVersion: 6
  m_Component:
  - component: {fileID: 8138025984301369447}
  m_Layer: 0
  m_Name: Bip01 L Thigh
  m_TagString: Untagged
  m_Icon: {fileID: 0}
  m_NavMeshLayer: 0
  m_StaticEditorFlags: 0
  m_IsActive: 1
--- !u!4 &8138025984301369447
Transform:
  m_ObjectHideFlags: 0
  m_CorrespondingSourceObject: {fileID: 0}
  m_PrefabInstance: {fileID: 0}
  m_PrefabAsset: {fileID: 0}
  m_GameObject: {fileID: 8138025984301012039}
  m_LocalRotation: {x: -0.7027412, y: 0.7085983, z: 0.055937175, w: 0.030236538}
  m_LocalPosition: {x: 0.2003293, y: -0.012502898, z: 0.11985581}
  m_LocalScale: {x: 0.9999999, y: 1.0000001, z: 1}
  m_ConstrainProportionsScale: 0
  m_Children:
  - {fileID: 8138025984301369455}
  m_Father: {fileID: 8138025984301369441}
  m_RootOrder: 0
  m_LocalEulerAnglesHint: {x: -7.8506937, y: -179.60524, z: -71.48875}
--- !u!1 &8138025984301012041
GameObject:
  m_ObjectHideFlags: 0
  m_CorrespondingSourceObject: {fileID: 0}
  m_PrefabInstance: {fileID: 0}
  m_PrefabAsset: {fileID: 0}
  serializedVersion: 6
  m_Component:
  - component: {fileID: 8138025984301369363}
  m_Layer: 0
  m_Name: Bip01 L Foot
  m_TagString: Untagged
  m_Icon: {fileID: 0}
  m_NavMeshLayer: 0
  m_StaticEditorFlags: 0
  m_IsActive: 1
--- !u!4 &8138025984301369363
Transform:
  m_ObjectHideFlags: 0
  m_CorrespondingSourceObject: {fileID: 0}
  m_PrefabInstance: {fileID: 0}
  m_PrefabAsset: {fileID: 0}
  m_GameObject: {fileID: 8138025984301012041}
  m_LocalRotation: {x: 0.070757784, y: 0.021723025, z: 0.45704114, w: 0.88636047}
  m_LocalPosition: {x: -0.29874834, y: 0.000000076293944, z: 0.000000019073486}
  m_LocalScale: {x: 0.9999998, y: 0.9999998, z: 0.99999994}
  m_ConstrainProportionsScale: 0
  m_Children:
  - {fileID: 8138025984301369361}
  m_Father: {fileID: 8138025984301369453}
  m_RootOrder: 0
  m_LocalEulerAnglesHint: {x: -18.863071, y: 0.91720736, z: 81.16849}
--- !u!1 &8138025984301012043
GameObject:
  m_ObjectHideFlags: 0
  m_CorrespondingSourceObject: {fileID: 0}
  m_PrefabInstance: {fileID: 0}
  m_PrefabAsset: {fileID: 0}
  serializedVersion: 6
  m_Component:
  - component: {fileID: 8138025984301369453}
  m_Layer: 0
  m_Name: Bip01 L HorseLink
  m_TagString: Untagged
  m_Icon: {fileID: 0}
  m_NavMeshLayer: 0
  m_StaticEditorFlags: 0
  m_IsActive: 1
--- !u!4 &8138025984301369453
Transform:
  m_ObjectHideFlags: 0
  m_CorrespondingSourceObject: {fileID: 0}
  m_PrefabInstance: {fileID: 0}
  m_PrefabAsset: {fileID: 0}
  m_GameObject: {fileID: 8138025984301012043}
  m_LocalRotation: {x: -1.3352358e-10, y: -0.00000000439101, z: -0.5555284, w: 0.83149755}
  m_LocalPosition: {x: -0.28605792, y: -0.000000076293944, z: 0}
  m_LocalScale: {x: 1.0000001, y: 1.0000001, z: 1}
  m_ConstrainProportionsScale: 0
  m_Children:
  - {fileID: 8138025984301369363}
  m_Father: {fileID: 8138025984301369455}
  m_RootOrder: 0
  m_LocalEulerAnglesHint: {x: 0.0000008694585, y: -0.00000013623412, z: -112.94161}
--- !u!1 &8138025984301012045
GameObject:
  m_ObjectHideFlags: 0
  m_CorrespondingSourceObject: {fileID: 0}
  m_PrefabInstance: {fileID: 0}
  m_PrefabAsset: {fileID: 0}
  serializedVersion: 6
  m_Component:
  - component: {fileID: 8138025984301369367}
  m_Layer: 0
  m_Name: Bip01 L Toe0Nub
  m_TagString: Untagged
  m_Icon: {fileID: 0}
  m_NavMeshLayer: 0
  m_StaticEditorFlags: 0
  m_IsActive: 1
--- !u!4 &8138025984301369367
Transform:
  m_ObjectHideFlags: 0
  m_CorrespondingSourceObject: {fileID: 0}
  m_PrefabInstance: {fileID: 0}
  m_PrefabAsset: {fileID: 0}
  m_GameObject: {fileID: 8138025984301012045}
  m_LocalRotation: {x: -1.0913936e-11, y: 9.313226e-10, z: 1, w: 6.124251e-17}
  m_LocalPosition: {x: -0.08543224, y: 0.0000000011920929, z: 0}
  m_LocalScale: {x: -1, y: -1, z: -1}
  m_ConstrainProportionsScale: 0
  m_Children: []
  m_Father: {fileID: 8138025984301369361}
  m_RootOrder: 0
  m_LocalEulerAnglesHint: {x: 0, y: 0, z: 0}
--- !u!1 &8138025984301012047
GameObject:
  m_ObjectHideFlags: 0
  m_CorrespondingSourceObject: {fileID: 0}
  m_PrefabInstance: {fileID: 0}
  m_PrefabAsset: {fileID: 0}
  serializedVersion: 6
  m_Component:
  - component: {fileID: 8138025984301369361}
  m_Layer: 0
  m_Name: Bip01 L Toe0
  m_TagString: Untagged
  m_Icon: {fileID: 0}
  m_NavMeshLayer: 0
  m_StaticEditorFlags: 0
  m_IsActive: 1
--- !u!4 &8138025984301369361
Transform:
  m_ObjectHideFlags: 0
  m_CorrespondingSourceObject: {fileID: 0}
  m_PrefabInstance: {fileID: 0}
  m_PrefabAsset: {fileID: 0}
  m_GameObject: {fileID: 8138025984301012047}
  m_LocalRotation: {x: 0.016118286, y: 0.010906917, z: 0.9721778, w: -0.2334344}
  m_LocalPosition: {x: -0.012359772, y: 0.089049436, z: 0.0048707677}
  m_LocalScale: {x: 1.0000001, y: 1.0000002, z: 0.99999994}
  m_ConstrainProportionsScale: 0
  m_Children:
  - {fileID: 8138025984301369367}
  m_Father: {fileID: 8138025984301369363}
  m_RootOrder: 0
  m_LocalEulerAnglesHint: {x: -1.646451, y: 1.5046681, z: -153.01772}
--- !u!1 &8138025984301012057
GameObject:
  m_ObjectHideFlags: 0
  m_CorrespondingSourceObject: {fileID: 0}
  m_PrefabInstance: {fileID: 0}
  m_PrefabAsset: {fileID: 0}
  serializedVersion: 6
  m_Component:
  - component: {fileID: 8138025984301369465}
  - component: {fileID: 8138025984314677519}
  m_Layer: 0
  m_Name: LieQuan_01
  m_TagString: Untagged
  m_Icon: {fileID: 0}
  m_NavMeshLayer: 0
  m_StaticEditorFlags: 0
  m_IsActive: 1
--- !u!4 &8138025984301369465
Transform:
  m_ObjectHideFlags: 0
  m_CorrespondingSourceObject: {fileID: 0}
  m_PrefabInstance: {fileID: 0}
  m_PrefabAsset: {fileID: 0}
  m_GameObject: {fileID: 8138025984301012057}
  m_LocalRotation: {x: -0.7071068, y: -0, z: -0, w: 0.7071068}
  m_LocalPosition: {x: 0, y: 1.61, z: 0}
  m_LocalScale: {x: 2, y: 2, z: 2}
  m_ConstrainProportionsScale: 0
  m_Children: []
  m_Father: {fileID: 5630309897972172455}
  m_RootOrder: 1
  m_LocalEulerAnglesHint: {x: 0, y: 0, z: 0}
--- !u!137 &8138025984314677519
SkinnedMeshRenderer:
  m_ObjectHideFlags: 0
  m_CorrespondingSourceObject: {fileID: 0}
  m_PrefabInstance: {fileID: 0}
  m_PrefabAsset: {fileID: 0}
  m_GameObject: {fileID: 8138025984301012057}
  m_Enabled: 1
  m_CastShadows: 1
  m_ReceiveShadows: 1
  m_DynamicOccludee: 1
  m_StaticShadowCaster: 0
  m_MotionVectors: 1
  m_LightProbeUsage: 0
  m_ReflectionProbeUsage: 1
  m_RayTracingMode: 3
  m_RayTraceProcedural: 0
  m_RenderingLayerMask: 1
  m_RendererPriority: 0
  m_Materials:
  - {fileID: 2100000, guid: 831a4c12a58aed143a911f54431d2840, type: 2}
  m_StaticBatchInfo:
    firstSubMesh: 0
    subMeshCount: 0
  m_StaticBatchRoot: {fileID: 0}
  m_ProbeAnchor: {fileID: 0}
  m_LightProbeVolumeOverride: {fileID: 0}
  m_ScaleInLightmap: 1
  m_ReceiveGI: 1
  m_PreserveUVs: 0
  m_IgnoreNormalsForChartDetection: 0
  m_ImportantGI: 0
  m_StitchLightmapSeams: 1
  m_SelectedEditorRenderState: 3
  m_MinimumChartSize: 4
  m_AutoUVMaxDistance: 0.5
  m_AutoUVMaxAngle: 89
  m_LightmapParameters: {fileID: 0}
  m_SortingLayerID: 0
  m_SortingLayer: 0
  m_SortingOrder: 0
  serializedVersion: 2
  m_Quality: 0
  m_UpdateWhenOffscreen: 0
  m_SkinnedMotionVectors: 1
  m_Mesh: {fileID: 4300002, guid: d17696637b246344d83f7f686b378d37, type: 3}
  m_Bones:
  - {fileID: 8138025984301369399}
  - {fileID: 8138025984301369403}
  - {fileID: 8138025984301369347}
  - {fileID: 8138025984301369351}
  - {fileID: 8138025984301369441}
  - {fileID: 8138025984301369451}
  - {fileID: 8138025984301369443}
  - {fileID: 8138025984301369447}
  - {fileID: 8138025984301369401}
  - {fileID: 8138025984301369353}
  - {fileID: 8138025984301369345}
  - {fileID: 8138025984301369455}
  - {fileID: 8138025984301369453}
  - {fileID: 8138025984301369363}
  - {fileID: 8138025984301369361}
  - {fileID: 8138025984301369449}
  - {fileID: 8138025984301369387}
  - {fileID: 8138025984301369359}
  - {fileID: 8138025984301369357}
  - {fileID: 8138025984301369395}
  - {fileID: 8138025984301369445}
  - {fileID: 8138025984301369349}
  - {fileID: 8138025984301369365}
  - {fileID: 8138025984301369371}
  - {fileID: 8138025984301369369}
  - {fileID: 8138025984301369375}
  - {fileID: 8138025984301369407}
  - {fileID: 8138025984301369405}
  - {fileID: 8138025984301369379}
  m_BlendShapeWeights: []
  m_RootBone: {fileID: 8138025984301369443}
  m_AABB:
    m_Center: {x: -0.48116478, y: -0.056543052, z: -0.00000023841858}
    m_Extent: {x: 1.1608998, y: 0.84186214, z: 0.29334044}
  m_DirtyAABB: 0
--- !u!1 &8138025984301012059
GameObject:
  m_ObjectHideFlags: 0
  m_CorrespondingSourceObject: {fileID: 0}
  m_PrefabInstance: {fileID: 0}
  m_PrefabAsset: {fileID: 0}
  serializedVersion: 6
  m_Component:
  - component: {fileID: 8138025984301369467}
  m_Layer: 0
  m_Name: Bip01
  m_TagString: Untagged
  m_Icon: {fileID: 0}
  m_NavMeshLayer: 0
  m_StaticEditorFlags: 0
  m_IsActive: 1
--- !u!4 &8138025984301369467
Transform:
  m_ObjectHideFlags: 0
  m_CorrespondingSourceObject: {fileID: 0}
  m_PrefabInstance: {fileID: 0}
  m_PrefabAsset: {fileID: 0}
  m_GameObject: {fileID: 8138025984301012059}
  m_LocalRotation: {x: -0.00000004214685, y: -0.00000004214685, z: 0.7071068, w: 0.7071068}
  m_LocalPosition: {x: 0, y: 0.77, z: 0}
  m_LocalScale: {x: 1, y: 1, z: 1}
  m_ConstrainProportionsScale: 1
  m_Children:
  - {fileID: 8138025984301369469}
  - {fileID: 8138025984301369443}
  m_Father: {fileID: 5630309897972172455}
  m_RootOrder: 0
  m_LocalEulerAnglesHint: {x: 0, y: -0.000007344008, z: 90}
--- !u!1 &8138025984301012061
GameObject:
  m_ObjectHideFlags: 0
  m_CorrespondingSourceObject: {fileID: 0}
  m_PrefabInstance: {fileID: 0}
  m_PrefabAsset: {fileID: 0}
  serializedVersion: 6
  m_Component:
  - component: {fileID: 8138025984301369469}
  m_Layer: 0
  m_Name: Bip01 Footsteps
  m_TagString: Untagged
  m_Icon: {fileID: 0}
  m_NavMeshLayer: 0
  m_StaticEditorFlags: 0
  m_IsActive: 1
--- !u!4 &8138025984301369469
Transform:
  m_ObjectHideFlags: 0
  m_CorrespondingSourceObject: {fileID: 0}
  m_PrefabInstance: {fileID: 0}
  m_PrefabAsset: {fileID: 0}
  m_GameObject: {fileID: 8138025984301012061}
  m_LocalRotation: {x: 0.5001648, y: -0.50016415, z: 0.4998351, w: -0.49983585}
  m_LocalPosition: {x: -0.750441, y: -0.0000009841285, z: 0.00049381255}
  m_LocalScale: {x: 1, y: 1, z: 1}
  m_ConstrainProportionsScale: 0
  m_Children: []
  m_Father: {fileID: 8138025984301369467}
  m_RootOrder: 0
  m_LocalEulerAnglesHint: {x: -0.000080106554, y: 90.0377, z: -89.999985}
--- !u!1 &8138025984301012063
GameObject:
  m_ObjectHideFlags: 0
  m_CorrespondingSourceObject: {fileID: 0}
  m_PrefabInstance: {fileID: 0}
  m_PrefabAsset: {fileID: 0}
  serializedVersion: 6
  m_Component:
  - component: {fileID: 8138025984301369471}
  - component: {fileID: 8138025984314677517}
  m_Layer: 0
  m_Name: LieQuan_03
  m_TagString: Untagged
  m_Icon: {fileID: 0}
  m_NavMeshLayer: 0
  m_StaticEditorFlags: 0
  m_IsActive: 0
--- !u!4 &8138025984301369471
Transform:
  m_ObjectHideFlags: 0
  m_CorrespondingSourceObject: {fileID: 0}
  m_PrefabInstance: {fileID: 0}
  m_PrefabAsset: {fileID: 0}
  m_GameObject: {fileID: 8138025984301012063}
  m_LocalRotation: {x: -0.7071068, y: -0, z: -0, w: 0.7071068}
  m_LocalPosition: {x: 0, y: 1.61, z: 0}
  m_LocalScale: {x: 2, y: 2, z: 2}
  m_ConstrainProportionsScale: 0
  m_Children: []
  m_Father: {fileID: 5630309897972172455}
  m_RootOrder: 2
  m_LocalEulerAnglesHint: {x: 0, y: 0, z: 0}
--- !u!137 &8138025984314677517
SkinnedMeshRenderer:
  m_ObjectHideFlags: 0
  m_CorrespondingSourceObject: {fileID: 0}
  m_PrefabInstance: {fileID: 0}
  m_PrefabAsset: {fileID: 0}
  m_GameObject: {fileID: 8138025984301012063}
  m_Enabled: 1
  m_CastShadows: 1
  m_ReceiveShadows: 1
  m_DynamicOccludee: 1
  m_StaticShadowCaster: 0
  m_MotionVectors: 1
  m_LightProbeUsage: 0
  m_ReflectionProbeUsage: 1
  m_RayTracingMode: 3
  m_RayTraceProcedural: 0
  m_RenderingLayerMask: 1
  m_RendererPriority: 0
  m_Materials:
  - {fileID: 2100000, guid: 9877b1f94e80cae4582049bfaf829cfc, type: 2}
  m_StaticBatchInfo:
    firstSubMesh: 0
    subMeshCount: 0
  m_StaticBatchRoot: {fileID: 0}
  m_ProbeAnchor: {fileID: 0}
  m_LightProbeVolumeOverride: {fileID: 0}
  m_ScaleInLightmap: 1
  m_ReceiveGI: 1
  m_PreserveUVs: 0
  m_IgnoreNormalsForChartDetection: 0
  m_ImportantGI: 0
  m_StitchLightmapSeams: 1
  m_SelectedEditorRenderState: 3
  m_MinimumChartSize: 4
  m_AutoUVMaxDistance: 0.5
  m_AutoUVMaxAngle: 89
  m_LightmapParameters: {fileID: 0}
  m_SortingLayerID: 0
  m_SortingLayer: 0
  m_SortingOrder: 0
  serializedVersion: 2
  m_Quality: 0
  m_UpdateWhenOffscreen: 0
  m_SkinnedMotionVectors: 1
  m_Mesh: {fileID: 4300000, guid: d17696637b246344d83f7f686b378d37, type: 3}
  m_Bones:
  - {fileID: 8138025984301369363}
  - {fileID: 8138025984301369453}
  - {fileID: 8138025984301369357}
  - {fileID: 8138025984301369395}
  - {fileID: 8138025984301369359}
  - {fileID: 8138025984301369451}
  - {fileID: 8138025984301369347}
  - {fileID: 8138025984301369351}
  - {fileID: 8138025984301369383}
  - {fileID: 8138025984301369355}
  - {fileID: 8138025984301369399}
  - {fileID: 8138025984301369381}
  - {fileID: 8138025984301369369}
  - {fileID: 8138025984301369371}
  - {fileID: 8138025984301369405}
  - {fileID: 8138025984301369379}
  - {fileID: 8138025984301369407}
  - {fileID: 8138025984301369449}
  - {fileID: 8138025984301369387}
  - {fileID: 8138025984301369385}
  - {fileID: 8138025984301369391}
  m_BlendShapeWeights: []
  m_RootBone: {fileID: 8138025984301369451}
  m_AABB:
    m_Center: {x: 0.42219424, y: -0.02238667, z: 0.0000013262033}
    m_Extent: {x: 1.5371253, y: 0.85035026, z: 0.24682648}
  m_DirtyAABB: 0
--- !u!1 &8138025984301012065
GameObject:
  m_ObjectHideFlags: 0
  m_CorrespondingSourceObject: {fileID: 0}
  m_PrefabInstance: {fileID: 0}
  m_PrefabAsset: {fileID: 0}
  serializedVersion: 6
  m_Component:
  - component: {fileID: 8138025984301369353}
  m_Layer: 0
  m_Name: Bip01 L UpperArm
  m_TagString: Untagged
  m_Icon: {fileID: 0}
  m_NavMeshLayer: 0
  m_StaticEditorFlags: 0
  m_IsActive: 1
--- !u!4 &8138025984301369353
Transform:
  m_ObjectHideFlags: 0
  m_CorrespondingSourceObject: {fileID: 0}
  m_PrefabInstance: {fileID: 0}
  m_PrefabAsset: {fileID: 0}
  m_GameObject: {fileID: 8138025984301012065}
  m_LocalRotation: {x: -0.6757041, y: -0.25968355, z: -0.19868524, w: 0.6606911}
  m_LocalPosition: {x: -0.25791672, y: 0, z: -0.000000076293944}
  m_LocalScale: {x: 1, y: 1.0000001, z: 1}
  m_ConstrainProportionsScale: 0
  m_Children:
  - {fileID: 8138025984301369359}
  m_Father: {fileID: 8138025984301369345}
  m_RootOrder: 0
  m_LocalEulerAnglesHint: {x: -87.62922, y: 23.830986, z: -94.214264}
--- !u!1 &8138025984301012067
GameObject:
  m_ObjectHideFlags: 0
  m_CorrespondingSourceObject: {fileID: 0}
  m_PrefabInstance: {fileID: 0}
  m_PrefabAsset: {fileID: 0}
  serializedVersion: 6
  m_Component:
  - component: {fileID: 8138025984301369345}
  m_Layer: 0
  m_Name: Bip01 L Clavicle
  m_TagString: Untagged
  m_Icon: {fileID: 0}
  m_NavMeshLayer: 0
  m_StaticEditorFlags: 0
  m_IsActive: 1
--- !u!4 &8138025984301369345
Transform:
  m_ObjectHideFlags: 0
  m_CorrespondingSourceObject: {fileID: 0}
  m_PrefabInstance: {fileID: 0}
  m_PrefabAsset: {fileID: 0}
  m_GameObject: {fileID: 8138025984301012067}
  m_LocalRotation: {x: -0.45102063, y: 0.54391783, z: 0.57652366, w: -0.41030997}
  m_LocalPosition: {x: 0.21562095, y: -0.1262883, z: 0.15611659}
  m_LocalScale: {x: 1.0000001, y: 0.99999994, z: 1.0000001}
  m_ConstrainProportionsScale: 0
  m_Children:
  - {fileID: 8138025984301369353}
  m_Father: {fileID: 8138025984301369347}
  m_RootOrder: 0
  m_LocalEulerAnglesHint: {x: 8.886435, y: -89.91484, z: -94.2133}
--- !u!1 &8138025984301012069
GameObject:
  m_ObjectHideFlags: 0
  m_CorrespondingSourceObject: {fileID: 0}
  m_PrefabInstance: {fileID: 0}
  m_PrefabAsset: {fileID: 0}
  serializedVersion: 6
  m_Component:
  - component: {fileID: 8138025984301369357}
  m_Layer: 0
  m_Name: Bip01 L Hand
  m_TagString: Untagged
  m_Icon: {fileID: 0}
  m_NavMeshLayer: 0
  m_StaticEditorFlags: 0
  m_IsActive: 1
--- !u!4 &8138025984301369357
Transform:
  m_ObjectHideFlags: 0
  m_CorrespondingSourceObject: {fileID: 0}
  m_PrefabInstance: {fileID: 0}
  m_PrefabAsset: {fileID: 0}
  m_GameObject: {fileID: 8138025984301012069}
  m_LocalRotation: {x: -0.6709573, y: -0.22230197, z: 0.22247906, w: 0.6714918}
  m_LocalPosition: {x: -0.29635212, y: 0, z: 0}
  m_LocalScale: {x: 1, y: 1, z: 1.0000001}
  m_ConstrainProportionsScale: 0
  m_Children:
  - {fileID: 8138025984301369395}
  m_Father: {fileID: 8138025984301369359}
  m_RootOrder: 0
  m_LocalEulerAnglesHint: {x: -77.64566, y: -99.03579, z: 99.212364}
--- !u!1 &8138025984301012071
GameObject:
  m_ObjectHideFlags: 0
  m_CorrespondingSourceObject: {fileID: 0}
  m_PrefabInstance: {fileID: 0}
  m_PrefabAsset: {fileID: 0}
  serializedVersion: 6
  m_Component:
  - component: {fileID: 8138025984301369359}
  m_Layer: 0
  m_Name: Bip01 L Forearm
  m_TagString: Untagged
  m_Icon: {fileID: 0}
  m_NavMeshLayer: 0
  m_StaticEditorFlags: 0
  m_IsActive: 1
--- !u!4 &8138025984301369359
Transform:
  m_ObjectHideFlags: 0
  m_CorrespondingSourceObject: {fileID: 0}
  m_PrefabInstance: {fileID: 0}
  m_PrefabAsset: {fileID: 0}
  m_GameObject: {fileID: 8138025984301012071}
  m_LocalRotation: {x: 3.1223835e-10, y: 9.443737e-10, z: 0.03944481, w: 0.99922174}
  m_LocalPosition: {x: -0.44046414, y: 0, z: -0.000000009536743}
  m_LocalScale: {x: 1, y: 0.99999994, z: 1}
  m_ConstrainProportionsScale: 0
  m_Children:
  - {fileID: 8138025984301369357}
  m_Father: {fileID: 8138025984301369353}
  m_RootOrder: 0
  m_LocalEulerAnglesHint: {x: -0.0000013479272, y: 0.00000065384876, z: 72.423645}
--- !u!1 &8138025984301012073
GameObject:
  m_ObjectHideFlags: 0
  m_CorrespondingSourceObject: {fileID: 0}
  m_PrefabInstance: {fileID: 0}
  m_PrefabAsset: {fileID: 0}
  serializedVersion: 6
  m_Component:
  - component: {fileID: 8138025984301369393}
  m_Layer: 0
  m_Name: Bip01 L Finger0Nub
  m_TagString: Untagged
  m_Icon: {fileID: 0}
  m_NavMeshLayer: 0
  m_StaticEditorFlags: 0
  m_IsActive: 1
--- !u!4 &8138025984301369393
Transform:
  m_ObjectHideFlags: 0
  m_CorrespondingSourceObject: {fileID: 0}
  m_PrefabInstance: {fileID: 0}
  m_PrefabAsset: {fileID: 0}
  m_GameObject: {fileID: 8138025984301012073}
  m_LocalRotation: {x: 0, y: 0, z: -6.201617e-11, w: 1}
  m_LocalPosition: {x: -0.118511386, y: 0, z: 0}
  m_LocalScale: {x: 1, y: 1, z: 1}
  m_ConstrainProportionsScale: 0
  m_Children: []
  m_Father: {fileID: 8138025984301369395}
  m_RootOrder: 0
  m_LocalEulerAnglesHint: {x: 0, y: 0, z: 0}
--- !u!1 &8138025984301012075
GameObject:
  m_ObjectHideFlags: 0
  m_CorrespondingSourceObject: {fileID: 0}
  m_PrefabInstance: {fileID: 0}
  m_PrefabAsset: {fileID: 0}
  serializedVersion: 6
  m_Component:
  - component: {fileID: 8138025984301369395}
  m_Layer: 0
  m_Name: Bip01 L Finger0
  m_TagString: Untagged
  m_Icon: {fileID: 0}
  m_NavMeshLayer: 0
  m_StaticEditorFlags: 0
  m_IsActive: 1
--- !u!4 &8138025984301369395
Transform:
  m_ObjectHideFlags: 0
  m_CorrespondingSourceObject: {fileID: 0}
  m_PrefabInstance: {fileID: 0}
  m_PrefabAsset: {fileID: 0}
  m_GameObject: {fileID: 8138025984301012075}
  m_LocalRotation: {x: 0.018952288, y: -0.5106336, z: -0.013375299, w: 0.85948545}
  m_LocalPosition: {x: -0.15034229, y: -0.000071954724, z: 0.002229843}
  m_LocalScale: {x: 1.0000001, y: 0.99999994, z: 0.99999994}
  m_ConstrainProportionsScale: 0
  m_Children:
  - {fileID: 8138025984301369393}
  m_Father: {fileID: 8138025984301369357}
  m_RootOrder: 0
  m_LocalEulerAnglesHint: {x: -5.607286, y: -64.89647, z: -2.2339628}
--- !u!1 &8138025984301012077
GameObject:
  m_ObjectHideFlags: 0
  m_CorrespondingSourceObject: {fileID: 0}
  m_PrefabInstance: {fileID: 0}
  m_PrefabAsset: {fileID: 0}
  serializedVersion: 6
  m_Component:
  - component: {fileID: 8138025984301369399}
  m_Layer: 0
  m_Name: Bip01 Head
  m_TagString: Untagged
  m_Icon: {fileID: 0}
  m_NavMeshLayer: 0
  m_StaticEditorFlags: 0
  m_IsActive: 1
--- !u!4 &8138025984301369399
Transform:
  m_ObjectHideFlags: 0
  m_CorrespondingSourceObject: {fileID: 0}
  m_PrefabInstance: {fileID: 0}
  m_PrefabAsset: {fileID: 0}
  m_GameObject: {fileID: 8138025984301012077}
  m_LocalRotation: {x: 1.0549469e-12, y: 0.0000015853219, z: -0.5715749, w: 0.8205499}
  m_LocalPosition: {x: -0.16722092, y: -0.000000076293944, z: 0}
  m_LocalScale: {x: 1.0000002, y: 1, z: 1}
  m_ConstrainProportionsScale: 0
  m_Children:
  - {fileID: 8138025984301369397}
  - {fileID: 8138025984301369403}
  m_Father: {fileID: 8138025984301369351}
  m_RootOrder: 0
  m_LocalEulerAnglesHint: {x: 0.22375065, y: 0.023968741, z: -32.08249}
--- !u!1 &8138025984301012079
GameObject:
  m_ObjectHideFlags: 0
  m_CorrespondingSourceObject: {fileID: 0}
  m_PrefabInstance: {fileID: 0}
  m_PrefabAsset: {fileID: 0}
  serializedVersion: 6
  m_Component:
  - component: {fileID: 8138025984301369351}
  m_Layer: 0
  m_Name: Bip01 Neck1
  m_TagString: Untagged
  m_Icon: {fileID: 0}
  m_NavMeshLayer: 0
  m_StaticEditorFlags: 0
  m_IsActive: 1
--- !u!4 &8138025984301369351
Transform:
  m_ObjectHideFlags: 0
  m_CorrespondingSourceObject: {fileID: 0}
  m_PrefabInstance: {fileID: 0}
  m_PrefabAsset: {fileID: 0}
  m_GameObject: {fileID: 8138025984301012079}
  m_LocalRotation: {x: -2.5289648e-14, y: 0.000000107629255, z: -0.038804926, w: 0.99924684}
  m_LocalPosition: {x: -0.22915664, y: -0.00013252257, z: -3.678724e-10}
  m_LocalScale: {x: 1.0000001, y: 1, z: 1}
  m_ConstrainProportionsScale: 0
  m_Children:
  - {fileID: 8138025984301369399}
  m_Father: {fileID: 8138025984301369347}
  m_RootOrder: 1
  m_LocalEulerAnglesHint: {x: -0.0000047727317, y: 0.000047076286, z: -9.620338}
--- !u!1 &8138025984301012081
GameObject:
  m_ObjectHideFlags: 0
  m_CorrespondingSourceObject: {fileID: 0}
  m_PrefabInstance: {fileID: 0}
  m_PrefabAsset: {fileID: 0}
  serializedVersion: 6
  m_Component:
  - component: {fileID: 8138025984301369365}
  m_Layer: 0
  m_Name: Bip01 R Calf
  m_TagString: Untagged
  m_Icon: {fileID: 0}
  m_NavMeshLayer: 0
  m_StaticEditorFlags: 0
  m_IsActive: 1
--- !u!4 &8138025984301369365
Transform:
  m_ObjectHideFlags: 0
  m_CorrespondingSourceObject: {fileID: 0}
  m_PrefabInstance: {fileID: 0}
  m_PrefabAsset: {fileID: 0}
  m_GameObject: {fileID: 8138025984301012081}
  m_LocalRotation: {x: -9.471727e-10, y: 0.000000006648735, z: 0.6665041, w: 0.7455014}
  m_LocalPosition: {x: -0.3277774, y: 0, z: 0}
  m_LocalScale: {x: 0.99999994, y: 0.99999994, z: 1}
  m_ConstrainProportionsScale: 0
  m_Children:
  - {fileID: 8138025984301369371}
  m_Father: {fileID: 8138025984301369445}
  m_RootOrder: 0
  m_LocalEulerAnglesHint: {x: -0.00000019925884, y: 0.000000076510844, z: 68.994}
--- !u!1 &8138025984301012083
GameObject:
  m_ObjectHideFlags: 0
  m_CorrespondingSourceObject: {fileID: 0}
  m_PrefabInstance: {fileID: 0}
  m_PrefabAsset: {fileID: 0}
  serializedVersion: 6
  m_Component:
  - component: {fileID: 8138025984301369445}
  m_Layer: 0
  m_Name: Bip01 R Thigh
  m_TagString: Untagged
  m_Icon: {fileID: 0}
  m_NavMeshLayer: 0
  m_StaticEditorFlags: 0
  m_IsActive: 1
--- !u!4 &8138025984301369445
Transform:
  m_ObjectHideFlags: 0
  m_CorrespondingSourceObject: {fileID: 0}
  m_PrefabInstance: {fileID: 0}
  m_PrefabAsset: {fileID: 0}
  m_GameObject: {fileID: 8138025984301012083}
  m_LocalRotation: {x: -0.7027413, y: 0.70859843, z: -0.055935137, w: -0.03023464}
  m_LocalPosition: {x: 0.20032933, y: -0.012502212, z: -0.119855925}
  m_LocalScale: {x: 0.9999999, y: 1.0000001, z: 1}
  m_ConstrainProportionsScale: 0
  m_Children:
  - {fileID: 8138025984301369365}
  m_Father: {fileID: 8138025984301369441}
  m_RootOrder: 1
  m_LocalEulerAnglesHint: {x: 7.844819, y: 74.90396, z: -60.041138}
--- !u!1 &8138025984301012085
GameObject:
  m_ObjectHideFlags: 0
  m_CorrespondingSourceObject: {fileID: 0}
  m_PrefabInstance: {fileID: 0}
  m_PrefabAsset: {fileID: 0}
  serializedVersion: 6
  m_Component:
  - component: {fileID: 8138025984301369369}
  m_Layer: 0
  m_Name: Bip01 R Foot
  m_TagString: Untagged
  m_Icon: {fileID: 0}
  m_NavMeshLayer: 0
  m_StaticEditorFlags: 0
  m_IsActive: 1
--- !u!4 &8138025984301369369
Transform:
  m_ObjectHideFlags: 0
  m_CorrespondingSourceObject: {fileID: 0}
  m_PrefabInstance: {fileID: 0}
  m_PrefabAsset: {fileID: 0}
  m_GameObject: {fileID: 8138025984301012085}
  m_LocalRotation: {x: -0.07075771, y: -0.021723067, z: 0.45704114, w: 0.88636047}
  m_LocalPosition: {x: -0.29874834, y: 0, z: 0.000000019073486}
  m_LocalScale: {x: 0.99999994, y: 1, z: 0.99999994}
  m_ConstrainProportionsScale: 0
  m_Children:
  - {fileID: 8138025984301369375}
  m_Father: {fileID: 8138025984301369371}
  m_RootOrder: 0
  m_LocalEulerAnglesHint: {x: 14.965267, y: -11.925356, z: 51.507973}
--- !u!1 &8138025984301012087
GameObject:
  m_ObjectHideFlags: 0
  m_CorrespondingSourceObject: {fileID: 0}
  m_PrefabInstance: {fileID: 0}
  m_PrefabAsset: {fileID: 0}
  serializedVersion: 6
  m_Component:
  - component: {fileID: 8138025984301369371}
  m_Layer: 0
  m_Name: Bip01 R HorseLink
  m_TagString: Untagged
  m_Icon: {fileID: 0}
  m_NavMeshLayer: 0
  m_StaticEditorFlags: 0
  m_IsActive: 1
--- !u!4 &8138025984301369371
Transform:
  m_ObjectHideFlags: 0
  m_CorrespondingSourceObject: {fileID: 0}
  m_PrefabInstance: {fileID: 0}
  m_PrefabAsset: {fileID: 0}
  m_GameObject: {fileID: 8138025984301012087}
  m_LocalRotation: {x: 0.000000012016459, y: 0.0000000054123888, z: -0.5555284, w: 0.83149755}
  m_LocalPosition: {x: -0.28605786, y: 0, z: 0}
  m_LocalScale: {x: 0.9999999, y: 0.9999999, z: 0.99999994}
  m_ConstrainProportionsScale: 0
  m_Children:
  - {fileID: 8138025984301369369}
  m_Father: {fileID: 8138025984301369365}
  m_RootOrder: 0
  m_LocalEulerAnglesHint: {x: -0.000000675416, y: 0.000000019974609, z: -84.67567}
--- !u!1 &8138025984301012089
GameObject:
  m_ObjectHideFlags: 0
  m_CorrespondingSourceObject: {fileID: 0}
  m_PrefabInstance: {fileID: 0}
  m_PrefabAsset: {fileID: 0}
  serializedVersion: 6
  m_Component:
  - component: {fileID: 8138025984301369373}
  m_Layer: 0
  m_Name: Bip01 R Toe0Nub
  m_TagString: Untagged
  m_Icon: {fileID: 0}
  m_NavMeshLayer: 0
  m_StaticEditorFlags: 0
  m_IsActive: 1
--- !u!4 &8138025984301369373
Transform:
  m_ObjectHideFlags: 0
  m_CorrespondingSourceObject: {fileID: 0}
  m_PrefabInstance: {fileID: 0}
  m_PrefabAsset: {fileID: 0}
  m_GameObject: {fileID: 8138025984301012089}
  m_LocalRotation: {x: 0, y: 1.4551915e-11, z: -0, w: 1}
  m_LocalPosition: {x: -0.085432164, y: -0.0000000011920929, z: -0.000000019073486}
  m_LocalScale: {x: 1, y: 1, z: 1}
  m_ConstrainProportionsScale: 0
  m_Children: []
  m_Father: {fileID: 8138025984301369375}
  m_RootOrder: 0
  m_LocalEulerAnglesHint: {x: 0, y: 0, z: 0}
--- !u!1 &8138025984301012091
GameObject:
  m_ObjectHideFlags: 0
  m_CorrespondingSourceObject: {fileID: 0}
  m_PrefabInstance: {fileID: 0}
  m_PrefabAsset: {fileID: 0}
  serializedVersion: 6
  m_Component:
  - component: {fileID: 8138025984301369375}
  m_Layer: 0
  m_Name: Bip01 R Toe0
  m_TagString: Untagged
  m_Icon: {fileID: 0}
  m_NavMeshLayer: 0
  m_StaticEditorFlags: 0
  m_IsActive: 1
--- !u!4 &8138025984301369375
Transform:
  m_ObjectHideFlags: 0
  m_CorrespondingSourceObject: {fileID: 0}
  m_PrefabInstance: {fileID: 0}
  m_PrefabAsset: {fileID: 0}
  m_GameObject: {fileID: 8138025984301012091}
  m_LocalRotation: {x: -0.016118286, y: -0.010906914, z: 0.9721778, w: -0.2334344}
  m_LocalPosition: {x: -0.01235981, y: 0.089049414, z: -0.0048707863}
  m_LocalScale: {x: 0.9999999, y: 0.9999999, z: 0.99999994}
  m_ConstrainProportionsScale: 0
  m_Children:
  - {fileID: 8138025984301369373}
  m_Father: {fileID: 8138025984301369369}
  m_RootOrder: 0
  m_LocalEulerAnglesHint: {x: 1.6464522, y: -1.504669, z: -150.93066}
--- !u!1 &8138025984301012093
GameObject:
  m_ObjectHideFlags: 0
  m_CorrespondingSourceObject: {fileID: 0}
  m_PrefabInstance: {fileID: 0}
  m_PrefabAsset: {fileID: 0}
  serializedVersion: 6
  m_Component:
  - component: {fileID: 8138025984301369347}
  m_Layer: 0
  m_Name: Bip01 Neck
  m_TagString: Untagged
  m_Icon: {fileID: 0}
  m_NavMeshLayer: 0
  m_StaticEditorFlags: 0
  m_IsActive: 1
--- !u!4 &8138025984301369347
Transform:
  m_ObjectHideFlags: 0
  m_CorrespondingSourceObject: {fileID: 0}
  m_PrefabInstance: {fileID: 0}
  m_PrefabAsset: {fileID: 0}
  m_GameObject: {fileID: 8138025984301012093}
  m_LocalRotation: {x: -9.778282e-14, y: -0.00000033329198, z: 0.12016582, w: 0.99275386}
  m_LocalPosition: {x: -0.5750827, y: -0.07122146, z: -0.00000015104051}
  m_LocalScale: {x: 0.9999999, y: 0.9999999, z: 1}
  m_ConstrainProportionsScale: 0
  m_Children:
  - {fileID: 8138025984301369345}
  - {fileID: 8138025984301369351}
  - {fileID: 8138025984301369349}
  - {fileID: 8138025984301369355}
  m_Father: {fileID: 8138025984301369451}
  m_RootOrder: 0
  m_LocalEulerAnglesHint: {x: -0.000031288866, y: -0.000002423858, z: -9.978003}
--- !u!1 &8138025984301012095
GameObject:
  m_ObjectHideFlags: 0
  m_CorrespondingSourceObject: {fileID: 0}
  m_PrefabInstance: {fileID: 0}
  m_PrefabAsset: {fileID: 0}
  serializedVersion: 6
  m_Component:
  - component: {fileID: 8138025984301369451}
  m_Layer: 0
  m_Name: Bip01 Spine1
  m_TagString: Untagged
  m_Icon: {fileID: 0}
  m_NavMeshLayer: 0
  m_StaticEditorFlags: 0
  m_IsActive: 1
--- !u!4 &8138025984301369451
Transform:
  m_ObjectHideFlags: 0
  m_CorrespondingSourceObject: {fileID: 0}
  m_PrefabInstance: {fileID: 0}
  m_PrefabAsset: {fileID: 0}
  m_GameObject: {fileID: 8138025984301012095}
  m_LocalRotation: {x: -1.6678326e-14, y: -0.0000004244935, z: 0.15304781, w: 0.9882188}
  m_LocalPosition: {x: -0.254505, y: -0.00036300658, z: -0.0000000010070653}
  m_LocalScale: {x: 1, y: 1, z: 1}
  m_ConstrainProportionsScale: 0
  m_Children:
  - {fileID: 8138025984301369347}
  m_Father: {fileID: 8138025984301369441}
  m_RootOrder: 2
  m_LocalEulerAnglesHint: {x: -0.10543883, y: -0.00352294, z: 5.5322046}
--- !u!1001 &2010320563879694866
PrefabInstance:
  m_ObjectHideFlags: 0
  serializedVersion: 2
  m_Modification:
    m_TransformParent: {fileID: 5630309897972172455}
    m_Modifications:
    - target: {fileID: 346381384454790577, guid: 02b68efb7d9c5824096018e1d4f86bdb, type: 3}
      propertyPath: m_Pivot.x
      value: 0.5
      objectReference: {fileID: 0}
    - target: {fileID: 346381384454790577, guid: 02b68efb7d9c5824096018e1d4f86bdb, type: 3}
      propertyPath: m_Pivot.y
      value: 0.5
      objectReference: {fileID: 0}
    - target: {fileID: 346381384454790577, guid: 02b68efb7d9c5824096018e1d4f86bdb, type: 3}
      propertyPath: m_RootOrder
      value: 3
      objectReference: {fileID: 0}
    - target: {fileID: 346381384454790577, guid: 02b68efb7d9c5824096018e1d4f86bdb, type: 3}
      propertyPath: m_AnchorMax.x
      value: 0.5
      objectReference: {fileID: 0}
    - target: {fileID: 346381384454790577, guid: 02b68efb7d9c5824096018e1d4f86bdb, type: 3}
      propertyPath: m_AnchorMax.y
      value: 0.5
      objectReference: {fileID: 0}
    - target: {fileID: 346381384454790577, guid: 02b68efb7d9c5824096018e1d4f86bdb, type: 3}
      propertyPath: m_AnchorMin.x
      value: 0.5
      objectReference: {fileID: 0}
    - target: {fileID: 346381384454790577, guid: 02b68efb7d9c5824096018e1d4f86bdb, type: 3}
      propertyPath: m_AnchorMin.y
      value: 0.5
      objectReference: {fileID: 0}
    - target: {fileID: 346381384454790577, guid: 02b68efb7d9c5824096018e1d4f86bdb, type: 3}
      propertyPath: m_SizeDelta.x
      value: 3
      objectReference: {fileID: 0}
    - target: {fileID: 346381384454790577, guid: 02b68efb7d9c5824096018e1d4f86bdb, type: 3}
      propertyPath: m_SizeDelta.y
      value: 3
      objectReference: {fileID: 0}
    - target: {fileID: 346381384454790577, guid: 02b68efb7d9c5824096018e1d4f86bdb, type: 3}
      propertyPath: m_LocalPosition.x
      value: 0
      objectReference: {fileID: 0}
    - target: {fileID: 346381384454790577, guid: 02b68efb7d9c5824096018e1d4f86bdb, type: 3}
      propertyPath: m_LocalPosition.y
      value: 0
      objectReference: {fileID: 0}
    - target: {fileID: 346381384454790577, guid: 02b68efb7d9c5824096018e1d4f86bdb, type: 3}
      propertyPath: m_LocalPosition.z
      value: 0
      objectReference: {fileID: 0}
    - target: {fileID: 346381384454790577, guid: 02b68efb7d9c5824096018e1d4f86bdb, type: 3}
      propertyPath: m_LocalRotation.w
      value: 0.7071068
      objectReference: {fileID: 0}
    - target: {fileID: 346381384454790577, guid: 02b68efb7d9c5824096018e1d4f86bdb, type: 3}
      propertyPath: m_LocalRotation.x
      value: 0.7071068
      objectReference: {fileID: 0}
    - target: {fileID: 346381384454790577, guid: 02b68efb7d9c5824096018e1d4f86bdb, type: 3}
      propertyPath: m_LocalRotation.y
      value: 0
      objectReference: {fileID: 0}
    - target: {fileID: 346381384454790577, guid: 02b68efb7d9c5824096018e1d4f86bdb, type: 3}
      propertyPath: m_LocalRotation.z
      value: 0
      objectReference: {fileID: 0}
    - target: {fileID: 346381384454790577, guid: 02b68efb7d9c5824096018e1d4f86bdb, type: 3}
      propertyPath: m_AnchoredPosition.x
      value: 0
      objectReference: {fileID: 0}
    - target: {fileID: 346381384454790577, guid: 02b68efb7d9c5824096018e1d4f86bdb, type: 3}
      propertyPath: m_AnchoredPosition.y
      value: 1.65
      objectReference: {fileID: 0}
    - target: {fileID: 346381384454790577, guid: 02b68efb7d9c5824096018e1d4f86bdb, type: 3}
      propertyPath: m_LocalEulerAnglesHint.x
      value: 90
      objectReference: {fileID: 0}
    - target: {fileID: 346381384454790577, guid: 02b68efb7d9c5824096018e1d4f86bdb, type: 3}
      propertyPath: m_LocalEulerAnglesHint.y
      value: 0
      objectReference: {fileID: 0}
    - target: {fileID: 346381384454790577, guid: 02b68efb7d9c5824096018e1d4f86bdb, type: 3}
      propertyPath: m_LocalEulerAnglesHint.z
      value: 0
      objectReference: {fileID: 0}
    - target: {fileID: 346381384454790582, guid: 02b68efb7d9c5824096018e1d4f86bdb, type: 3}
      propertyPath: m_Name
      value: HealthBar
      objectReference: {fileID: 0}
    - target: {fileID: 346381385569960131, guid: 02b68efb7d9c5824096018e1d4f86bdb, type: 3}
      propertyPath: m_AnchorMax.x
      value: 0
      objectReference: {fileID: 0}
    - target: {fileID: 346381385569960131, guid: 02b68efb7d9c5824096018e1d4f86bdb, type: 3}
      propertyPath: m_AnchorMax.y
      value: 0
      objectReference: {fileID: 0}
    m_RemovedComponents: []
  m_SourcePrefab: {fileID: 100100000, guid: 02b68efb7d9c5824096018e1d4f86bdb, type: 3}
--- !u!114 &2245202667949195691 stripped
MonoBehaviour:
  m_CorrespondingSourceObject: {fileID: 346381384055083961, guid: 02b68efb7d9c5824096018e1d4f86bdb, type: 3}
  m_PrefabInstance: {fileID: 2010320563879694866}
  m_PrefabAsset: {fileID: 0}
  m_GameObject: {fileID: 0}
  m_Enabled: 1
  m_EditorHideFlags: 0
  m_Script: {fileID: 11500000, guid: 67db9e8f0e2ae9c40bc1e2b64352a6b4, type: 3}
  m_Name: 
  m_EditorClassIdentifier: 
--- !u!224 &2245202668346281891 stripped
RectTransform:
  m_CorrespondingSourceObject: {fileID: 346381384454790577, guid: 02b68efb7d9c5824096018e1d4f86bdb, type: 3}
  m_PrefabInstance: {fileID: 2010320563879694866}
  m_PrefabAsset: {fileID: 0}
