%YAML 1.1
%TAG !u! tag:unity3d.com,2011:
--- !u!1 &1977184490143472233
GameObject:
  m_ObjectHideFlags: 0
  m_CorrespondingSourceObject: {fileID: 0}
  m_PrefabInstance: {fileID: 0}
  m_PrefabAsset: {fileID: 0}
  serializedVersion: 6
  m_Component:
  - component: {fileID: 1977184490143475094}
  - component: {fileID: 1977184490143475092}
  - component: {fileID: 1977184490143475095}
  - component: {fileID: 1977184490143475093}
  m_Layer: 5
  m_Name: UpgradePanel
  m_TagString: Untagged
  m_Icon: {fileID: 0}
  m_NavMeshLayer: 0
  m_StaticEditorFlags: 0
  m_IsActive: 1
--- !u!224 &1977184490143475094
RectTransform:
  m_ObjectHideFlags: 0
  m_CorrespondingSourceObject: {fileID: 0}
  m_PrefabInstance: {fileID: 0}
  m_PrefabAsset: {fileID: 0}
  m_GameObject: {fileID: 1977184490143472233}
  m_LocalRotation: {x: 0, y: 0, z: 0, w: 1}
  m_LocalPosition: {x: 0, y: 0, z: 0}
  m_LocalScale: {x: 1, y: 1, z: 1}
  m_ConstrainProportionsScale: 0
  m_Children:
  - {fileID: 3215427034329412008}
  - {fileID: 3215427034355567022}
  - {fileID: 3215427034300919967}
  m_Father: {fileID: 0}
  m_RootOrder: 0
  m_LocalEulerAnglesHint: {x: 0, y: 0, z: 0}
  m_AnchorMin: {x: 0.5, y: 0.5}
  m_AnchorMax: {x: 0.5, y: 0.5}
  m_AnchoredPosition: {x: 0, y: 0.0000076293945}
  m_SizeDelta: {x: 1550, y: 700}
  m_Pivot: {x: 0.5, y: 0.5}
--- !u!222 &1977184490143475092
CanvasRenderer:
  m_ObjectHideFlags: 0
  m_CorrespondingSourceObject: {fileID: 0}
  m_PrefabInstance: {fileID: 0}
  m_PrefabAsset: {fileID: 0}
  m_GameObject: {fileID: 1977184490143472233}
  m_CullTransparentMesh: 1
--- !u!114 &1977184490143475095
MonoBehaviour:
  m_ObjectHideFlags: 0
  m_CorrespondingSourceObject: {fileID: 0}
  m_PrefabInstance: {fileID: 0}
  m_PrefabAsset: {fileID: 0}
  m_GameObject: {fileID: 1977184490143472233}
  m_Enabled: 1
  m_EditorHideFlags: 0
  m_Script: {fileID: 11500000, guid: fe87c0e1cc204ed48ad3b37840f39efc, type: 3}
  m_Name: 
  m_EditorClassIdentifier: 
  m_Material: {fileID: 0}
  m_Color: {r: 0.1792453, g: 0.044642217, b: 0.044642217, a: 0.7529412}
  m_RaycastTarget: 1
  m_RaycastPadding: {x: 0, y: 0, z: 0, w: 0}
  m_Maskable: 1
  m_OnCullStateChanged:
    m_PersistentCalls:
      m_Calls: []
  m_Sprite: {fileID: 10907, guid: 0000000000000000f000000000000000, type: 0}
  m_Type: 1
  m_PreserveAspect: 0
  m_FillCenter: 1
  m_FillMethod: 4
  m_FillAmount: 1
  m_FillClockwise: 1
  m_FillOrigin: 0
  m_UseSpriteMesh: 0
  m_PixelsPerUnitMultiplier: 1
--- !u!114 &1977184490143475093
MonoBehaviour:
  m_ObjectHideFlags: 0
  m_CorrespondingSourceObject: {fileID: 0}
  m_PrefabInstance: {fileID: 0}
  m_PrefabAsset: {fileID: 0}
  m_GameObject: {fileID: 1977184490143472233}
  m_Enabled: 1
  m_EditorHideFlags: 0
  m_Script: {fileID: 11500000, guid: 8a8695521f0d02e499659fee002a26c2, type: 3}
  m_Name: 
  m_EditorClassIdentifier: 
  m_Padding:
    m_Left: 0
    m_Right: 0
    m_Top: 0
    m_Bottom: 0
  m_ChildAlignment: 4
  m_StartCorner: 0
  m_StartAxis: 0
  m_CellSize: {x: 400, y: 600}
  m_Spacing: {x: 79, y: 0}
  m_Constraint: 0
  m_ConstraintCount: 2
--- !u!1001 &1977184489650616594
PrefabInstance:
  m_ObjectHideFlags: 0
  serializedVersion: 2
  m_Modification:
    m_TransformParent: {fileID: 1977184490143475094}
    m_Modifications:
    - target: {fileID: 4030478723243886988, guid: abfe9ec5460558f40a8db9d33a15778a, type: 3}
      propertyPath: m_Name
      value: UpgradeOption (2)
      objectReference: {fileID: 0}
    - target: {fileID: 4030478723243886989, guid: abfe9ec5460558f40a8db9d33a15778a, type: 3}
      propertyPath: m_Pivot.x
      value: 0.5
      objectReference: {fileID: 0}
    - target: {fileID: 4030478723243886989, guid: abfe9ec5460558f40a8db9d33a15778a, type: 3}
      propertyPath: m_Pivot.y
      value: 0.5
      objectReference: {fileID: 0}
    - target: {fileID: 4030478723243886989, guid: abfe9ec5460558f40a8db9d33a15778a, type: 3}
      propertyPath: m_RootOrder
      value: 2
      objectReference: {fileID: 0}
    - target: {fileID: 4030478723243886989, guid: abfe9ec5460558f40a8db9d33a15778a, type: 3}
      propertyPath: m_AnchorMax.x
      value: 0
      objectReference: {fileID: 0}
    - target: {fileID: 4030478723243886989, guid: abfe9ec5460558f40a8db9d33a15778a, type: 3}
      propertyPath: m_AnchorMax.y
      value: 0
      objectReference: {fileID: 0}
    - target: {fileID: 4030478723243886989, guid: abfe9ec5460558f40a8db9d33a15778a, type: 3}
      propertyPath: m_AnchorMin.x
      value: 0
      objectReference: {fileID: 0}
    - target: {fileID: 4030478723243886989, guid: abfe9ec5460558f40a8db9d33a15778a, type: 3}
      propertyPath: m_AnchorMin.y
      value: 0
      objectReference: {fileID: 0}
    - target: {fileID: 4030478723243886989, guid: abfe9ec5460558f40a8db9d33a15778a, type: 3}
      propertyPath: m_SizeDelta.x
      value: 0
      objectReference: {fileID: 0}
    - target: {fileID: 4030478723243886989, guid: abfe9ec5460558f40a8db9d33a15778a, type: 3}
      propertyPath: m_SizeDelta.y
      value: 0
      objectReference: {fileID: 0}
    - target: {fileID: 4030478723243886989, guid: abfe9ec5460558f40a8db9d33a15778a, type: 3}
      propertyPath: m_LocalPosition.x
      value: 0
      objectReference: {fileID: 0}
    - target: {fileID: 4030478723243886989, guid: abfe9ec5460558f40a8db9d33a15778a, type: 3}
      propertyPath: m_LocalPosition.y
      value: 0
      objectReference: {fileID: 0}
    - target: {fileID: 4030478723243886989, guid: abfe9ec5460558f40a8db9d33a15778a, type: 3}
      propertyPath: m_LocalPosition.z
      value: 0
      objectReference: {fileID: 0}
    - target: {fileID: 4030478723243886989, guid: abfe9ec5460558f40a8db9d33a15778a, type: 3}
      propertyPath: m_LocalRotation.w
      value: 1
      objectReference: {fileID: 0}
    - target: {fileID: 4030478723243886989, guid: abfe9ec5460558f40a8db9d33a15778a, type: 3}
      propertyPath: m_LocalRotation.x
      value: 0
      objectReference: {fileID: 0}
    - target: {fileID: 4030478723243886989, guid: abfe9ec5460558f40a8db9d33a15778a, type: 3}
      propertyPath: m_LocalRotation.y
      value: 0
      objectReference: {fileID: 0}
    - target: {fileID: 4030478723243886989, guid: abfe9ec5460558f40a8db9d33a15778a, type: 3}
      propertyPath: m_LocalRotation.z
      value: 0
      objectReference: {fileID: 0}
    - target: {fileID: 4030478723243886989, guid: abfe9ec5460558f40a8db9d33a15778a, type: 3}
      propertyPath: m_AnchoredPosition.x
      value: 0
      objectReference: {fileID: 0}
    - target: {fileID: 4030478723243886989, guid: abfe9ec5460558f40a8db9d33a15778a, type: 3}
      propertyPath: m_AnchoredPosition.y
      value: 0
      objectReference: {fileID: 0}
    - target: {fileID: 4030478723243886989, guid: abfe9ec5460558f40a8db9d33a15778a, type: 3}
      propertyPath: m_LocalEulerAnglesHint.x
      value: 0
      objectReference: {fileID: 0}
    - target: {fileID: 4030478723243886989, guid: abfe9ec5460558f40a8db9d33a15778a, type: 3}
      propertyPath: m_LocalEulerAnglesHint.y
      value: 0
      objectReference: {fileID: 0}
    - target: {fileID: 4030478723243886989, guid: abfe9ec5460558f40a8db9d33a15778a, type: 3}
      propertyPath: m_LocalEulerAnglesHint.z
      value: 0
      objectReference: {fileID: 0}
    m_RemovedComponents: []
  m_SourcePrefab: {fileID: 100100000, guid: abfe9ec5460558f40a8db9d33a15778a, type: 3}
--- !u!224 &3215427034300919967 stripped
RectTransform:
  m_CorrespondingSourceObject: {fileID: 4030478723243886989, guid: abfe9ec5460558f40a8db9d33a15778a, type: 3}
  m_PrefabInstance: {fileID: 1977184489650616594}
  m_PrefabAsset: {fileID: 0}
--- !u!1001 &1977184489671704611
PrefabInstance:
  m_ObjectHideFlags: 0
  serializedVersion: 2
  m_Modification:
    m_TransformParent: {fileID: 1977184490143475094}
    m_Modifications:
    - target: {fileID: 4030478723243886988, guid: abfe9ec5460558f40a8db9d33a15778a, type: 3}
      propertyPath: m_Name
      value: UpgradeOption (1)
      objectReference: {fileID: 0}
    - target: {fileID: 4030478723243886989, guid: abfe9ec5460558f40a8db9d33a15778a, type: 3}
      propertyPath: m_Pivot.x
      value: 0.5
      objectReference: {fileID: 0}
    - target: {fileID: 4030478723243886989, guid: abfe9ec5460558f40a8db9d33a15778a, type: 3}
      propertyPath: m_Pivot.y
      value: 0.5
      objectReference: {fileID: 0}
    - target: {fileID: 4030478723243886989, guid: abfe9ec5460558f40a8db9d33a15778a, type: 3}
      propertyPath: m_RootOrder
      value: 1
      objectReference: {fileID: 0}
    - target: {fileID: 4030478723243886989, guid: abfe9ec5460558f40a8db9d33a15778a, type: 3}
      propertyPath: m_AnchorMax.x
      value: 0
      objectReference: {fileID: 0}
    - target: {fileID: 4030478723243886989, guid: abfe9ec5460558f40a8db9d33a15778a, type: 3}
      propertyPath: m_AnchorMax.y
      value: 0
      objectReference: {fileID: 0}
    - target: {fileID: 4030478723243886989, guid: abfe9ec5460558f40a8db9d33a15778a, type: 3}
      propertyPath: m_AnchorMin.x
      value: 0
      objectReference: {fileID: 0}
    - target: {fileID: 4030478723243886989, guid: abfe9ec5460558f40a8db9d33a15778a, type: 3}
      propertyPath: m_AnchorMin.y
      value: 0
      objectReference: {fileID: 0}
    - target: {fileID: 4030478723243886989, guid: abfe9ec5460558f40a8db9d33a15778a, type: 3}
      propertyPath: m_SizeDelta.x
      value: 0
      objectReference: {fileID: 0}
    - target: {fileID: 4030478723243886989, guid: abfe9ec5460558f40a8db9d33a15778a, type: 3}
      propertyPath: m_SizeDelta.y
      value: 0
      objectReference: {fileID: 0}
    - target: {fileID: 4030478723243886989, guid: abfe9ec5460558f40a8db9d33a15778a, type: 3}
      propertyPath: m_LocalPosition.x
      value: 0
      objectReference: {fileID: 0}
    - target: {fileID: 4030478723243886989, guid: abfe9ec5460558f40a8db9d33a15778a, type: 3}
      propertyPath: m_LocalPosition.y
      value: 0
      objectReference: {fileID: 0}
    - target: {fileID: 4030478723243886989, guid: abfe9ec5460558f40a8db9d33a15778a, type: 3}
      propertyPath: m_LocalPosition.z
      value: 0
      objectReference: {fileID: 0}
    - target: {fileID: 4030478723243886989, guid: abfe9ec5460558f40a8db9d33a15778a, type: 3}
      propertyPath: m_LocalRotation.w
      value: 1
      objectReference: {fileID: 0}
    - target: {fileID: 4030478723243886989, guid: abfe9ec5460558f40a8db9d33a15778a, type: 3}
      propertyPath: m_LocalRotation.x
      value: 0
      objectReference: {fileID: 0}
    - target: {fileID: 4030478723243886989, guid: abfe9ec5460558f40a8db9d33a15778a, type: 3}
      propertyPath: m_LocalRotation.y
      value: 0
      objectReference: {fileID: 0}
    - target: {fileID: 4030478723243886989, guid: abfe9ec5460558f40a8db9d33a15778a, type: 3}
      propertyPath: m_LocalRotation.z
      value: 0
      objectReference: {fileID: 0}
    - target: {fileID: 4030478723243886989, guid: abfe9ec5460558f40a8db9d33a15778a, type: 3}
      propertyPath: m_AnchoredPosition.x
      value: 0
      objectReference: {fileID: 0}
    - target: {fileID: 4030478723243886989, guid: abfe9ec5460558f40a8db9d33a15778a, type: 3}
      propertyPath: m_AnchoredPosition.y
      value: 0
      objectReference: {fileID: 0}
    - target: {fileID: 4030478723243886989, guid: abfe9ec5460558f40a8db9d33a15778a, type: 3}
      propertyPath: m_LocalEulerAnglesHint.x
      value: 0
      objectReference: {fileID: 0}
    - target: {fileID: 4030478723243886989, guid: abfe9ec5460558f40a8db9d33a15778a, type: 3}
      propertyPath: m_LocalEulerAnglesHint.y
      value: 0
      objectReference: {fileID: 0}
    - target: {fileID: 4030478723243886989, guid: abfe9ec5460558f40a8db9d33a15778a, type: 3}
      propertyPath: m_LocalEulerAnglesHint.z
      value: 0
      objectReference: {fileID: 0}
    m_RemovedComponents: []
  m_SourcePrefab: {fileID: 100100000, guid: abfe9ec5460558f40a8db9d33a15778a, type: 3}
--- !u!224 &3215427034355567022 stripped
RectTransform:
  m_CorrespondingSourceObject: {fileID: 4030478723243886989, guid: abfe9ec5460558f40a8db9d33a15778a, type: 3}
  m_PrefabInstance: {fileID: 1977184489671704611}
  m_PrefabAsset: {fileID: 0}
--- !u!1001 &1977184489698015269
PrefabInstance:
  m_ObjectHideFlags: 0
  serializedVersion: 2
  m_Modification:
    m_TransformParent: {fileID: 1977184490143475094}
    m_Modifications:
    - target: {fileID: 4030478723243886988, guid: abfe9ec5460558f40a8db9d33a15778a, type: 3}
      propertyPath: m_Name
      value: UpgradeOption
      objectReference: {fileID: 0}
    - target: {fileID: 4030478723243886988, guid: abfe9ec5460558f40a8db9d33a15778a, type: 3}
      propertyPath: m_IsActive
      value: 1
      objectReference: {fileID: 0}
    - target: {fileID: 4030478723243886989, guid: abfe9ec5460558f40a8db9d33a15778a, type: 3}
      propertyPath: m_Pivot.x
      value: 0.5
      objectReference: {fileID: 0}
    - target: {fileID: 4030478723243886989, guid: abfe9ec5460558f40a8db9d33a15778a, type: 3}
      propertyPath: m_Pivot.y
      value: 0.5
      objectReference: {fileID: 0}
    - target: {fileID: 4030478723243886989, guid: abfe9ec5460558f40a8db9d33a15778a, type: 3}
      propertyPath: m_RootOrder
      value: 0
      objectReference: {fileID: 0}
    - target: {fileID: 4030478723243886989, guid: abfe9ec5460558f40a8db9d33a15778a, type: 3}
      propertyPath: m_AnchorMax.x
      value: 0
      objectReference: {fileID: 0}
    - target: {fileID: 4030478723243886989, guid: abfe9ec5460558f40a8db9d33a15778a, type: 3}
      propertyPath: m_AnchorMax.y
      value: 0
      objectReference: {fileID: 0}
    - target: {fileID: 4030478723243886989, guid: abfe9ec5460558f40a8db9d33a15778a, type: 3}
      propertyPath: m_AnchorMin.x
      value: 0
      objectReference: {fileID: 0}
    - target: {fileID: 4030478723243886989, guid: abfe9ec5460558f40a8db9d33a15778a, type: 3}
      propertyPath: m_AnchorMin.y
      value: 0
      objectReference: {fileID: 0}
    - target: {fileID: 4030478723243886989, guid: abfe9ec5460558f40a8db9d33a15778a, type: 3}
      propertyPath: m_SizeDelta.x
      value: 0
      objectReference: {fileID: 0}
    - target: {fileID: 4030478723243886989, guid: abfe9ec5460558f40a8db9d33a15778a, type: 3}
      propertyPath: m_SizeDelta.y
      value: 0
      objectReference: {fileID: 0}
    - target: {fileID: 4030478723243886989, guid: abfe9ec5460558f40a8db9d33a15778a, type: 3}
      propertyPath: m_LocalPosition.x
      value: 0
      objectReference: {fileID: 0}
    - target: {fileID: 4030478723243886989, guid: abfe9ec5460558f40a8db9d33a15778a, type: 3}
      propertyPath: m_LocalPosition.y
      value: 0
      objectReference: {fileID: 0}
    - target: {fileID: 4030478723243886989, guid: abfe9ec5460558f40a8db9d33a15778a, type: 3}
      propertyPath: m_LocalPosition.z
      value: 0
      objectReference: {fileID: 0}
    - target: {fileID: 4030478723243886989, guid: abfe9ec5460558f40a8db9d33a15778a, type: 3}
      propertyPath: m_LocalRotation.w
      value: 1
      objectReference: {fileID: 0}
    - target: {fileID: 4030478723243886989, guid: abfe9ec5460558f40a8db9d33a15778a, type: 3}
      propertyPath: m_LocalRotation.x
      value: 0
      objectReference: {fileID: 0}
    - target: {fileID: 4030478723243886989, guid: abfe9ec5460558f40a8db9d33a15778a, type: 3}
      propertyPath: m_LocalRotation.y
      value: 0
      objectReference: {fileID: 0}
    - target: {fileID: 4030478723243886989, guid: abfe9ec5460558f40a8db9d33a15778a, type: 3}
      propertyPath: m_LocalRotation.z
      value: 0
      objectReference: {fileID: 0}
    - target: {fileID: 4030478723243886989, guid: abfe9ec5460558f40a8db9d33a15778a, type: 3}
      propertyPath: m_AnchoredPosition.x
      value: 0
      objectReference: {fileID: 0}
    - target: {fileID: 4030478723243886989, guid: abfe9ec5460558f40a8db9d33a15778a, type: 3}
      propertyPath: m_AnchoredPosition.y
      value: 0
      objectReference: {fileID: 0}
    - target: {fileID: 4030478723243886989, guid: abfe9ec5460558f40a8db9d33a15778a, type: 3}
      propertyPath: m_LocalEulerAnglesHint.x
      value: 0
      objectReference: {fileID: 0}
    - target: {fileID: 4030478723243886989, guid: abfe9ec5460558f40a8db9d33a15778a, type: 3}
      propertyPath: m_LocalEulerAnglesHint.y
      value: 0
      objectReference: {fileID: 0}
    - target: {fileID: 4030478723243886989, guid: abfe9ec5460558f40a8db9d33a15778a, type: 3}
      propertyPath: m_LocalEulerAnglesHint.z
      value: 0
      objectReference: {fileID: 0}
    m_RemovedComponents: []
  m_SourcePrefab: {fileID: 100100000, guid: abfe9ec5460558f40a8db9d33a15778a, type: 3}
--- !u!224 &3215427034329412008 stripped
RectTransform:
  m_CorrespondingSourceObject: {fileID: 4030478723243886989, guid: abfe9ec5460558f40a8db9d33a15778a, type: 3}
  m_PrefabInstance: {fileID: 1977184489698015269}
  m_PrefabAsset: {fileID: 0}
